1806 2964
261 212 347 254 750
843 212 1026 248 LIBANII

257 323 428 363 καλλίων
451 329 523 364 τοῦ
547 323 622 376 τὴν
652 324 738 365 ἐκεῖ
762 324 935 376 δύναμιν
966 322 1151 378 ἡγεῖσθαι
1185 324 1283 378 μέγα
1307 325 1549 382 σωφροσύνῃ
1574 341 1614 367 τε

259 387 471 442 διενεγκὼν
506 387 574 429 καὶ
609 389 871 441 δικαιοσύνην
904 388 1038 430 ἀσκῶν
1077 388 1143 430 καὶ
1177 389 1338 443 φεύγων
1374 388 1514 443 ὄχλους
1546 390 1614 431 καὶ

261 451 429 507 ἡσυχίας
460 453 573 507 ἐρῶν.
620 457 657 495 3.
691 461 769 495 νῦν
801 453 843 495 δὲ
873 454 961 507 ’ἥκει
992 451 1086 506 παρ’
1123 453 1227 507 ὑμᾶς
1251 451 1322 495 ὑπ’
1349 453 1540 509 ἀνάγκης,
1564 451 1614 508 ἧς

259 517 455 571 ἡττᾶσθαι
478 518 547 559 καὶ
576 519 701 569 θεοὺς
726 520 852 574 λόγος.
898 518 1013 573 δέχου
1046 519 1096 572 δὴ
1121 520 1190 561 τὸν
1215 519 1342 575 ἄνδρα
1366 518 1524 574 ἡμέρως
1547 520 1613 561 καὶ

225 600 242 626 5
262 582 316 633 ὡς
340 583 446 633 εἰκὸς
470 583 566 636 ἐμὸν
590 585 757 637 πολίτην
780 583 848 625 καὶ
880 585 1084 637 μαθητήν,
1114 584 1182 625 καὶ
1206 585 1359 638 ταχείας
1383 584 1489 643 αὐτῷ
1510 586 1615 626 ποίει

259 649 329 699 τὰς
353 648 397 690 ἐν
421 653 505 698 τοῖς
535 650 762 704 πράγμασιν
793 648 1035 704 ἀπαλλαγάς,
1067 648 1143 690 κᾶν
1167 649 1341 706 ἐπιχειρῇ
1366 665 1425 699 τις
1449 649 1614 703 ἀδικεῖν,

259 713 414 755 ἀπάντα
440 714 535 768 μετὰ
561 721 638 756 τῶν
657 715 810 768 νόμων·
838 714 891 763 ὡς
910 715 1017 756 ἔσται
1036 721 1114 756 τῶν
1132 714 1405 767 ἀτοπωτάτων,
1431 716 1466 756 εἰ
1489 714 1614 768 μηδὲν

259 780 381 822 αὐτὸν
415 778 610 833 ὅνὴσομεν
642 778 742 834 μήθ’
779 780 801 822 ὁ
832 780 963 834 πατὴρ
996 777 1086 834 μήτ’
1119 780 1208 835 ἐγώ,
1240 780 1305 821 καὶ
1340 787 1462 822 ταῦτα
1493 779 1614 833 ἄμφω

258 846 366 900 παρὰ
392 845 454 887 σοὶ
479 846 601 887 πάλαι
630 845 680 898 δὴ
705 845 922 899 τιμωμένω.

186 983 235 1019 W
262 987 330 1020 ‘152
886 975 989 1030 ωλβ’.

204 1077 238 1102 u
737 1063 977 1101 Νικοκλεῖ.
1030 1071 1135 1114 (363)

322 1148 359 1184 1.
389 1143 449 1184 Οὐ
475 1145 689 1197 συνίστημί
711 1157 775 1185 σοι
803 1143 1025 1197 Θεόδωρον,
1051 1143 1097 1186 ὃν
1122 1145 1240 1194 αὐτὸς
1264 1144 1497 1199 ἐξέθρεψας,
1523 1140 1611 1186 οὐδ’
1646 1144 1648 1147 ’

258 1209 355 1258 ἀξιῶ
381 1213 527 1263 φιλεῖν,
558 1210 679 1251 πάλαι
707 1209 782 1264 γὰρ
814 1213 941 1262 φιλεῖς
972 1210 1041 1252 τὸν
1066 1210 1235 1264 ἑταῖρον,
1261 1206 1347 1250 ἀλλ’
1375 1205 1430 1250 ἵν’
1458 1210 1518 1251 ὅτι
1548 1209 1616 1250 καὶ

257 1275 344 1328 ἐμοὶ
369 1282 486 1331 χαριῇ
510 1279 596 1325 ταῖς
619 1276 676 1324 εἰς
700 1275 822 1317 αὐτὸν
853 1275 1048 1324 σπουδαῖς
1073 1275 1231 1328 εἰδείης,
1255 1274 1477 1317 ἐπέσταλκα.
1505 1278 1543 1315 2.
1564 1273 1615 1315 ἂν

205 1356 241 1383 ιε
261 1340 332 1393 μὲν
358 1336 433 1382 οὖν
458 1340 652 1398 ἐπηρεάζῃ
688 1342 839 1394 μηδείς,
869 1345 951 1390 τοῖς
981 1340 1123 1389 ἄλλοις.
1146 1341 1267 1382 αὐτὸν
1298 1340 1525 1394 εὐφρανεῖς·
1564 1339 1616 1381 ἂν

260 1402 298 1446 δ’
329 1402 426 1447 ὦσιν
451 1407 494 1447 οἱ
513 1413 631 1447 τοῦτο
649 1413 873 1459 ποιοῦντες,
898 1407 1069 1456 διδάξεις
1094 1407 1238 1455 αὐτοὺς
1264 1405 1319 1455 ὡς
1337 1403 1386 1447 οὗ
1412 1408 1617 1459 Νικοκλῆς

260 1470 281 1512 ὁ
306 1476 504 1526 γενναῖος,
528 1471 715 1513 ἐντεῦθεν
740 1471 875 1513 ἀδικία
900 1474 1050 1526 φεύγει.

184 1615 234 1651 W
261 1619 328 1652 753
886 1608 986 1663 ωλγ’.

737 1689 977 1749 Ἀλβανίῳ.
1029 1703 1134 1746 (363)

208 1792 243 1818 ιο
326 1781 360 1816 1.
389 1778 440 1816 Τί
462 1782 598 1825 τοῦτο;
629 1776 806 1830 χρήματα
837 1774 936 1828 ’ἡμῖν
971 1775 1151 1828 ἔπεμψας
1175 1776 1224 1816 οὐ
1249 1779 1517 1828 λειτουργοῦσι
1541 1778 1616 1814 λει-

259 1848 438 1895 τουργῶν
463 1841 597 1893 αὐτός,
623 1841 751 1895 ὥσπερ
778 1842 826 1882 οὐ
851 1841 976 1882 πολλὰ
1002 1839 1074 1893 μὲν
1092 1840 1293 1888 τετελεκὼς
1312 1839 1367 1881 ἔτι
1386 1841 1528 1888 ζῶντος
1546 1846 1613 1880 τοῦ

333 1950 376 1980 10
410 1946 477 1981 V11
535 1972 546 1990 ,
695 1943 813 1988 Ϋαζ,
839 1944 927 1980 σιθ’.
961 1942 1102 1988 Voffi),
1122 1943 1211 1979 σιθ’.
1231 1941 1327 1986 Sd,
1345 1942 1414 1988 ξη’
1442 1943 1488 1979 Vi
1506 1941 1616 2001 [σιξ]

260 1993 336 2028 Ath
411 1995 454 2027 18
519 1958 748 2039 116',⁶w'.
782 1991 905 2037 Ῡαζ,
931 1991 996 2027 σκ.
1030 1990 1176 2037 ῘῙο(ζ’),
1203 1990 1269 2026 σκ’.
1299 1991 1376 2027 Mo
1403 1989 1540 2035 Sy

333 2092 420 2132 3nq.
449 2088 493 2123 cf.
522 2098 579 2133 ep.
607 2090 688 2123 638.
714 2086 808 2123 Plat.
829 2086 928 2123 Prot.
948 2099 984 2132 p.
997 2086 1127 2130 345D;
1152 2086 1224 2132 leg.
1249 2085 1335 2131 Vp.
1351 2085 1475 2121 741A.
1514 2083 1617 2119 Salz-

260 2146 375 2171 mann
402 2139 444 2170 71
500 2138 540 2170 11
569 2134 714 2170 Sievers
734 2138 817 2179 231,
837 2138 894 2171 11.
920 2133 1037 2170 Seeck
1063 2137 1143 2170 221.
1164 2137 1232 2169 398
1290 2137 1333 2168 12
1360 2132 1407 2168 of.
1427 2143 1484 2178 ep.
1505 2134 1572 2167 881

264 2186 307 2218 19
334 2183 378 2218 cf.
400 2193 457 2228 ep
480 2186 560 2218 834.
588 2182 731 2218 Sievers
751 2185 834 2227 230,
851 2185 884 2218 9.
911 2181 1027 2217 Seeck
1053 2185 1109 2217 50.
1130 2184 1199 2216 398

333 2283 354 2313 3
379 2278 477 2324 ἡμᾶς
500 2278 611 2314 SAth
677 2281 698 2312 6
722 2275 780 2318 τίς
803 2277 835 2314 V
900 2280 919 2311 7
946 2276 1098 2313 ἀπάντα
1124 2277 1179 2312 Va
1207 2278 1213 2322 Ι
1241 2275 1342 2312 ἔσται
1367 2273 1500 2320 scripsi
1539 2273 1615 2310 ἔστι

261 2324 350 2360 libri
375 2325 483 2360 Wolf
574 2327 597 2360 8
623 2324 814 2369 ὀνήσωμεν
841 2324 897 2360 Va
971 2327 991 2360 9
1017 2323 1133 2359 πάλαι
1159 2323 1206 2369 δὴ
1230 2322 1336 2384 παρὰ
1361 2323 1419 2358 σοὶ
1443 2322 1519 2358 Ath

263 2377 306 2407 14
333 2374 518 2414 σπονδαῖς
543 2373 590 2408 Vi
656 2376 752 2418 15μ
752 2371 856 2418 ηδεὶς
880 2371 1062 2418 ἐπηρεάζῃ
1081 2371 1111 2407 S
1177 2374 1219 2406 16
1246 2368 1290 2407 οὗ
1311 2369 1442 2415 scripsi
1463 2379 1484 2404 e
1510 2369 1557 2404 Vi
1574 2369 1617 2404 ut

262 2419 348 2456 coni
374 2420 481 2455 Wolf
501 2420 557 2455 Re
607 2420 651 2456 οὐ
675 2419 813 2464 reliqui
846 2418 935 2454 libri
961 2384 1068 2454 Wolf
1157 2422 1199 2453 17
1225 2419 1405 2454 ἐντεῦθεν
1436 2416 1570 2461 scrip-i
1596 2427 1617 2452 e

269 2468 324 2504 Va
355 2468 505 2504 ἐκεῖθεν
535 2467 628 2503 VVo
657 2466 765 2503 Wolf
803 2466 973 2503 ἐνταῦθα
999 2466 1163 2503 SViAth
1207 2468 1213 2511 1
1259 2464 1389 2501 ἀδικία
1431 2463 1564 2510 scripsi
1596 2474 1616 2499 e
