1806 2964
656 206 926 243 EPISTULAE
952 211 1096 244 ‘aa-25
1228 230 1231 232 -
1513 206 1572 248 23

193 323 361 376 μυρίοις.
409 327 447 363 2.
473 328 633 377 πρῶτον
658 320 732 374 μὲν
757 320 832 375 γὰρ
858 319 884 374 ἡ
910 322 1066 374 κεφαλή
1092 337 1139 376 με
1164 323 1447 376 καταβαλοῦσα
1471 316 1574 374 εἶχεν

191 389 293 442 αὐτὴ
319 387 515 442 δεξαμένη
546 391 708 441 πλῆθος
740 388 903 443 ἰλίγγων
937 388 1005 430 καὶ
1037 389 1112 430 οὐκ
1143 384 1196 442 ἦν
1231 384 1327 430 οὔθ’
1351 385 1451 440 ἡμῖν
1482 386 1574 428 οὔτε

189 460 272 506 τοῖς
298 456 450 510 ἰατροῖς
474 458 655 507 θαρρεῖν.
693 450 764 495 εἶτ’
787 453 945 496 ἐκεῖθεν
970 454 1034 496 ἐπὶ
1067 454 1143 507 τὴν
1174 456 1330 496 κοιλίαν
1361 454 1405 496 τὸ
1438 453 1574 494 δεινὸν

190 521 370 576 καταβὰν
396 522 572 576 ῥεύματα
597 521 771 574 ἐμιμεῖτο
790 522 968 575 ῥυάκων,
994 522 1037 563 τὸ
1064 521 1108 563 δὲ
1126 521 1344 576 ε’πισχῆσον
1363 520 1439 563 οὐκ
1457 520 1574 573 ἐφαί-

190 605 290 630 νετο.
334 588 402 630 καὶ
441 588 596 637 τούτοις
637 589 834 637 τοιούτοις
871 582 962 629 οὖσι
1005 587 1232 644 προσετέθη
1270 587 1438 641 Λήμνιά
1472 599 1573 639 φασι

188 656 304 704 κακά,
331 658 482 708 μᾶλλον
509 654 565 708 δέ,
591 655 734 708 μικρόν
759 670 795 695 τι
821 651 936 696 εἶπον
962 655 1005 697 τὸ
1031 661 1173 707 πτῶμα
1199 654 1476 708 Νικομηδείας
1501 655 1570 706 δη-

189 726 312 763 λῶσαι
338 721 559 776 βουληθεὶς
591 726 674 770 τοῖς
705 721 749 762 ἐν
776 721 934 778 Λήμνῳ
966 725 1117 771 κακοῖς.
1159 724 1197 763 3.
1219 721 1285 762 διὰ
1311 722 1504 762 τοιούτων
1529 721 1573 762 τὸ

190 789 313 844 θέρος
345 788 532 837 ἐλθόντες
565 795 641 829 νῦν
673 789 891 842 φαρμάκου
923 789 1038 829 πόσει
1075 788 1118 829 τὸ
1154 795 1268 841 σῶμα
1305 788 1574 839 κουφίσαντες

188 854 463 907 ἐπιστέλλομέν
489 868 552 896 σοι
577 861 648 907 τῆς
674 853 747 907 μὲν
773 863 888 909 σιγῆς
906 856 976 905 τὰς
995 856 1125 905 αἰτίας
1144 854 1421 907 ἀποδιδόντες,
1446 859 1574 895 κινεῖν

189 921 234 964 δέ
259 934 300 963 σε
326 922 428 976 πρὸς
454 921 500 962 τὰ
526 919 692 975 ἡμέτερα
719 921 788 962 τόν
807 937 851 976 γε
871 922 1037 963 οἴκοθεν
1057 920 1296 975 ὡρμημένον
1316 921 1393 963 οὐκ
1411 920 1572 970 ἀξιοῦν-

192 1005 267 1042 τες,
292 987 346 1038 ὡς
373 988 482 1037 ὅστις
501 987 590 1029 τινὰ
609 988 906 1042 παρακλήσεων
926 987 1129 1043 ἐπεγείρει,
1148 987 1405 1043 κατεγνωκὼς
1430 987 1575 1042 ἀργίαν

192 1061 308 1096 τοῦτο
339 1059 458 1096 ποιεῖ.
498 1059 538 1095 4.
571 1055 621 1096 σὺ
653 1050 691 1095 δ’
722 1055 794 1109 οὐχ
827 1055 936 1105 ὅπως
973 1056 1094 1105 αὐτὸς
1129 1056 1348 1111 ῥᾳθυμεῖς,
1378 1054 1477 1096 ἀλλὰ
1507 1055 1575 1096 καὶ

194 1121 315 1163 ἄλλον
348 1120 400 1162 ἂν
431 1121 661 1177 ἐξοτρύναις
695 1118 799 1163 εἶναι
832 1122 1052 1177 πρόθυμον
1083 1123 1140 1172 εἰς
1170 1120 1291 1176 ἡμᾶς,
1316 1123 1413 1171 ἴσως
1437 1121 1511 1176 μέν
1539 1139 1575 1162 τι

191 1189 258 1230 καὶ
282 1188 327 1230 ἐν
353 1186 452 1242 ἡμῖν
479 1187 594 1238 ἄξιον
620 1187 782 1238 εὐνοίας
808 1187 958 1244 εὑρών,
983 1187 1105 1230 πλέον
1130 1205 1173 1244 γε
1206 1188 1289 1243 μὴν
1321 1188 1450 1230 ἐκεῖνο
1482 1202 1573 1229 σκο-

190 1262 292 1307 πῶν,
320 1255 429 1303 ὅπως
463 1255 592 1304 δόξεις
624 1254 869 1296 ἀκολουθεῖν
895 1259 949 1311 τῷ
980 1256 1112 1310 πατρί.
1159 1257 1198 1296 5.
1223 1254 1291 1296 καὶ
1315 1255 1391 1309 γὰρ
1422 1254 1575 1303 ἐκεῖνος

193 1321 298 1374 ἑώρα
322 1320 363 1363 τέ
388 1337 435 1374 με
467 1320 522 1370 ὥς
553 1321 695 1374 ἥδιστα
726 1321 795 1363 καὶ
827 1323 1033 1374 μετεδίδου
1064 1321 1194 1376 λόγων
1225 1338 1265 1363 τε
1296 1321 1364 1364 καὶ
1395 1323 1575 1376 βιβλίων.

191 1388 259 1429 καὶ
285 1386 306 1428 ὃ
339 1388 438 1437 δοὺς
463 1387 591 1442 ἀρχὴν
616 1386 715 1441 ἡμῖν
734 1389 791 1438 εἰς
816 1390 892 1443 τὴν
917 1388 1066 1442 ἀμείνω
1094 1388 1217 1439 δόξαν
1241 1389 1394 1438 ἐκεῖνος
1418 1385 1482 1442 ἧν.
1509 1389 1577 1429 καὶ

195 1462 282 1506 νῦν,
309 1455 416 1509 εἴπερ
443 1450 508 1508 ἧν,
534 1451 592 1504 εἷς
616 1454 668 1495 ἅν
694 1471 763 1508 μοι
788 1459 947 1497 πολλῶν
973 1452 1025 1510 ἦν
1051 1455 1246 1505 ἀντάξιος.
1281 1459 1320 1496 6.
1340 1455 1366 1496 ἃ
1392 1456 1443 1497 σὺ
1469 1459 1575 1510 λογι-

194 1521 357 1574 ζόμενος
382 1519 588 1577 ἐπιχειρεῖς
615 1537 683 1575 μοι
708 1523 908 1564 δεικνύειν
935 1521 1003 1576 ὡς,
1029 1523 1065 1563 εἰ
1082 1521 1149 1563 καὶ
1168 1523 1407 1571 Δουλκίτιος
1433 1521 1575 1575 τέθνη-

193 1602 276 1641 κεν,
301 1583 386 1628 ἀλλ’
410 1587 483 1642 οὐχ
508 1588 534 1641 ἤ
566 1604 608 1643 γε
634 1588 735 1643 πρὸς
766 1587 833 1642 ἐμὲ
859 1588 1019 1642 σπουδὴ
1053 1595 1125 1643 τῆς
1156 1587 1347 1643 ὑμετέρας
1378 1587 1576 1641 τέθνηκεν

262 1702 284 1734 5
310 1698 355 1733 of.
376 1701 405 1735 t.
425 1688 478 1735 [V
497 1701 578 1743 339,
601 1703 618 1734 1
705 1703 749 1735 18
776 1699 818 1735 11.
839 1701 859 1735 ι
884 1703 955 1735 514
1032 1703 1076 1735 19
1103 1699 1223 1735 Seeck
1250 1703 1320 1735 125

267 1824 285 1855 l
305 1825 458 1864 πρῶτον
472 1841 516 1846 -
538 1823 558 1855 3
573 1822 738 1864 θαρρεῖν
778 1820 970 1856 memiensis
989 1819 1115 1856 verbis
1135 1818 1369 1868 καταβάλλω,
1394 1817 1437 1856 τὸ
1464 1819 1578 1866 φθεί-

193 1881 245 1909 ρω
273 1868 478 1915 αἰτιατικῇ,
506 1869 556 1910 ὡς
576 1868 641 1904 καὶ
663 1868 848 1915 Λιβανιος
864 1867 1039 1904 laudavit
1058 1868 1281 1915 Lacapenus
1302 1868 1350 1904 de
1370 1870 1576 1904 construet.

196 1916 298 1952 verb.
314 1916 372 1952 od.
388 1916 582 1952 Hermann
610 1916 658 1952 de
684 1917 833 1953 emend.
858 1918 932 1953 rat.
952 1928 1113 1963 gramm.
1139 1928 1177 1963 p.
1198 1920 1281 1962 363,
1296 1920 1317 1952 6
1340 1918 1346 1960 1
1368 1916 1440 1963 γὰρ
1467 1916 1491 1963 ἡ
1517 1931 1578 1954 κε-

195 1963 299 2010 φαλή
331 1977 376 2010 με
403 1965 670 2012 καταβαλοῦσα
705 1963 859 2009 ἐδέξατο
890 1967 1041 2012 πλῆθος
1067 1966 1116 2002 Vs·
1138 1965 1267 2012 Lacap
1299 1965 1371 2011 γάρ
1400 1979 1445 2011 με
1468 1965 1493 2012 ἡ
1519 1978 1577 2002 κε-

195 2011 297 2058 φαλὴ
333 2013 602 2060 καταλαβοῦσα
644 2012 799 2056 ἐδέξατο
835 2014 865 2050 S
906 2013 973 2049 sed
1010 2027 1055 2061 γρ
1097 2015 1366 2062 καταβαλοῦσα
1401 2010 1501 2061 εἶχεν
1536 2013 1577 2049 ἐν

196 2060 310 2107 ἑαυτῇ
337 2059 524 2108 δεξαμένη
549 2061 552 2101 ἲ
581 2075 625 2107 με
646 2073 709 2097 om
728 2063 770 2099 D
843 2066 865 2098 2
893 2061 988 2108 αὐτὴ
1015 2063 1070 2099 Vo
1095 2062 1163 2098 sed
1238 2073 1257 2098 e
1283 2065 1299 2072 ”
1333 2073 1416 2098 corr
1434 2062 1492 2097 m’
1515 2073 1576 2098 om

193 2109 222 2146 S
246 2109 288 2146 ἐν
324 2108 438 2156 ἑαυτῆ
474 2110 514 2145 D
616 2114 636 2144 3
669 2110 842 2158 καταβὰν
883 2109 926 2147 τὸ
971 2108 1101 2148 δεινὸν
1145 2111 1191 2146 Vi
1265 2114 1287 2146 4
1321 2110 1479 2147 ἐκινεῖτο
1514 2111 1553 2147 D

197 2163 218 2192 5
244 2155 329 2194 οὖσι
355 2169 416 2194 om
445 2157 551 2194 Wolf
624 2162 643 2193 7
669 2158 817 2196 τούτων
850 2160 897 2195 Vi
970 2162 992 2195 8
1019 2164 1090 2195 νῦν
1118 2180 1163 2185 -
1191 2163 1211 2194 9
1238 2157 1490 2200 ἀποδιδόντες
1516 2170 1575 2195 om

196 2207 236 2242 D
312 2211 353 2242 11
382 2205 452 2242 οὐκ
480 2208 567 2243 ante
594 2205 777 2254 ἐπεγείρει
804 2208 834 2244 S
876 2210 882 2254 1
923 2208 1094 2253 ἐπεγερεῖ
1125 2208 1178 2244 Vo
1203 2207 1270 2243 sed
1303 2213 1382 2251 ερεῖ
1410 2206 1451 2242 in
1487 2207 1574 2253 εἰρει

195 2265 279 2290 corr
297 2254 364 2296 111²,
393 2254 433 2290 D
485 2266 504 2290 r
525 2257 531 2300 Ι
552 2256 814 2315 κατεχνωκὼς]
844 2256 1030 2302 „subaudi
1049 2256 1180 2299 αὐτοῦ,
1200 2256 1298 2302 quod
1323 2267 1430 2303 aeqre
1447 2258 1579 2303 patior

196 2303 421 2339 desiderari“
448 2266 503 2339 ἕο
574 2308 618 2339 13
645 2317 695 2339 αν
721 2304 940 2348 ἐξοτρύναις
965 2304 1102 2350 scripsi
1127 2315 1147 2340 ο
1182 2304 1250 2341 VS
1290 2304 1508 2349 ἐξοτρύναις
1525 2305 1578 2341 Vo

197 2351 409 2394 ἐξοτρύνεις
433 2351 474 2387 D
499 2363 545 2398 pr
570 2352 790 2396 ἐξοτρύναις
816 2350 865 2389 ἂν
897 2354 946 2389 Vi
970 2352 1080 2388 Wolf
1097 2354 1104 2399 Ι
1125 2351 1254 2398 μέντοι
1281 2353 1375 2389 ViD
1439 2356 1483 2388 14
1509 2352 1578 2399 μὲν

197 2398 306 2435 Wolf
377 2403 421 2435 15
449 2398 573 2442 δόξεις
597 2400 732 2447 scripsi
757 2412 779 2437 e
799 2401 840 2437 D
864 2399 979 2448 δόξης
1010 2401 1146 2438 VVoS
1159 2402 1207 2437 Vi
1230 2412 1277 2447 pr
1303 2399 1433 2444 δόξαις
1451 2400 1561 2437 Wolf
1569 2401 1573 2449 Ι

198 2447 343 2531 ἐιέιεῖνος
368 2448 422 2484 Vo
448 2448 515 2483 sed
542 2461 607 2489 νος
626 2448 688 2485 del
709 2449 766 2484 m³
823 2452 868 2484 19
889 2447 1102 2491 δουκίλτιος
1128 2449 1194 2486 VS
1207 2450 1304 2486 ViD
1328 2461 1374 2496 pr
1423 2452 1470 2485 20
1489 2449 1578 2496 ἡμε-

197 2509 217 2530 τ
239 2509 308 2539 ρας
339 2497 386 2532 Vi
936 2524 939 2527 »

1596 934 1629 959 1⁰

1597 1266 1629 1292 1⁵
