1806 2964
621 221 888 259 EPISTULAE
914 224 1103 259 blo—512
1459 218 1545 261 48⁶1

811 335 887 388 φιβ
904 364 912 375 .
1476 338 1521 373 w
1549 342 1619 374 426

622 415 889 476 Ἀνατολίῳ.
923 425 1092 473 (356157)

239 508 276 546 1.
307 505 423 547 Οὕτω
449 519 496 558 με
525 504 753 552 Σπεκτάτος
778 500 800 543 ὅ
829 505 1014 557 γενναῖος
1037 500 1286 555 ἀνηρτήσατο
1312 500 1379 541 καὶ
1404 499 1545 551 προσέ-

175 586 260 625 χειν
290 572 443 614 ἔπεισεν
474 569 582 628 αὐτῷ
610 569 678 611 καὶ
706 569 838 610 πάντα
867 566 980 622 ἄγειν
1010 567 1154 620 αὑτόν,
1187 564 1290 608 ὥσθ’
1313 566 1420 615 ὅστις
1446 566 1546 607 ἰδεῖν

175 652 223 690 με
247 636 381 679 ἐθέλοι
405 636 551 686 δύντος
574 633 705 688 ἡλίου,
735 634 845 688 παρὰ
868 640 1011 675 τοῦτον
1035 633 1160 687 ἔτρεχε
1183 632 1252 674 καὶ
1275 629 1378 686 εἶχεν
1402 632 1542 680 εὐθύς.
1582 645 1599 672 5

177 702 245 744 καὶ
269 702 344 758 γὰρ
369 701 417 743 τὰ
440 702 603 743 πάντων
628 700 769 754 ἥδιστά
794 715 862 754 μοι
887 699 1022 753 βιβλία
1046 698 1236 748 πολλάκις
1259 699 1374 740 τοῦδε
1399 697 1545 752 ἐκρίθη

176 769 340 824 δεύτερα
368 767 437 810 καὶ
460 766 650 821 εἱλκόμην
673 766 732 817 εἰς
760 771 906 807 τοῦτον
929 761 1001 806 ἀπ’
1035 764 1199 806 ἐκείνων
1228 771 1308 806 τῶν
1332 765 1544 805 παιδικῶν.

180 838 220 878 2.
245 835 375 876 αἴτιον
409 833 452 876 δὲ
492 833 566 888 οὐχ
599 833 703 874 οὕτω
737 832 782 874 τὸ
813 838 884 885 τῆς
921 832 1171 886 συγγενείας,
1200 830 1340 872 πολλοὶ
1369 830 1444 885 γάρ
1476 845 1544 883 μοι

178 904 401 957 συγγενεῖς,
438 894 497 941 ὧν
528 898 662 948 οὐδείς
693 914 739 952 με
773 903 937 940 τοιαῦτα
968 896 1191 952 ἐργάζεται,
1227 893 1313 938 ἀλλ’
1342 894 1364 941 ὅ
1400 895 1546 950 τρόπος

174 966 339 1008 πάντων
361 965 494 1021 γέμων
518 964 743 1019 φαρμάκων
761 963 1009 1005 ἐπισπᾶσθαι
1027 963 1182 1004 δεινῶν.
1208 960 1230 1003 ὃ
1257 961 1301 1004 δέ
1313 977 1359 1016 με
1379 962 1544 1015 μάλιστα
1566 975 1599 1002 ιο

174 1031 375 1086 ἕξέμηνεν,
400 1030 529 1073 ἐκεῖνό
554 1030 646 1072 ἐστι.
692 1033 730 1071 3.
755 1029 953 1082 θαυμάζει
977 1035 1047 1083 τῆς
1078 1035 1153 1082 σῆς
1175 1029 1339 1084 γνώμης
1363 1028 1407 1069 τὸ
1433 1027 1543 1082 μέγε-

178 1102 258 1147 θος
282 1096 359 1139 κᾶν
384 1101 551 1155 μνησθῇ
577 1109 663 1147 σου,
687 1095 878 1144 πολλάκις
896 1093 940 1136 δὲ
958 1102 1074 1136 τοῦτο
1094 1096 1183 1152 δρᾷ,
1202 1094 1313 1148 μόλις
1333 1093 1545 1147 ἀφίσταται

177 1170 249 1206 τοῦ
279 1163 370 1218 περὶ
400 1170 474 1205 σοῦ
508 1179 545 1203 τι
576 1162 713 1217 λέγειν.
748 1160 823 1216 ἐγὼ
855 1159 898 1202 δὲ
935 1160 1093 1215 βλέπων
1127 1161 1184 1211 εἷς
1216 1160 1310 1210 τοὺς
1343 1159 1543 1215 παρόντας

177 1231 425 1283 σεμνύνομαι
456 1229 524 1270 καὶ
555 1229 677 1283 χαίρω
706 1231 759 1284 τῷ
786 1227 880 1276 τοὺς
911 1225 1194 1283 ἀκροωμένους
1224 1227 1374 1281 χαίρειν
1405 1241 1445 1267 τε
1475 1225 1543 1267 καὶ

175 1297 280 1350 βοᾶν
310 1294 365 1345 ὡς
398 1295 526 1344 οὕτως
550 1295 630 1348 ἔχοι
654 1293 702 1335 τὰ
726 1294 788 1336 σά.
827 1296 866 1335 4.
893 1292 915 1335 ὁ
940 1292 984 1335 δὲ
1013 1292 1082 1334 καὶ
1113 1293 1253 1346 μάντις
1282 1290 1364 1345 ἤδη
1393 1292 1543 1346 γίνεται
1564 1304 1598 1332 ιο

177 1362 435 1416 κατεχόμενος
459 1361 540 1402 ὑπὸ
565 1366 641 1402 σοῦ
664 1359 734 1401 καὶ
756 1358 938 1415 προλέγει
955 1365 1093 1413 ταῦτα,
1117 1353 1179 1400 ὧν
1204 1357 1318 1412 ἡμεῖς
1342 1357 1416 1411 μὲν
1435 1358 1543 1415 αὐτῷ

175 1427 329 1481 μισθὸν
364 1426 596 1481 ὀφείλομεν,
639 1421 757 1475 οὗτος
791 1425 834 1467 δὲ
869 1425 933 1468 σοὶ
965 1426 1095 1479 δίκην.
1134 1423 1179 1466 τὸ
1214 1423 1290 1479 γὰρ
1322 1422 1377 1473 ὥς
1412 1422 1544 1478 ἄρξεις

176 1491 276 1546 ἡμῖν
299 1492 372 1547 μὲν
397 1493 548 1535 εἰδόσιν
572 1491 599 1533 ἃ
622 1492 804 1545 ποιήσεις
828 1491 873 1533 ἕν
897 1491 1044 1545 εὐχαῖς,
1069 1490 1133 1532 σοὶ
1157 1489 1220 1544 δέ,
1246 1490 1295 1531 ού
1319 1489 1395 1544 γὰρ
1420 1486 1543 1531 οἶσθα

175 1560 400 1615 κερδαίνειν
423 1558 569 1614 ἅρχων,
594 1558 670 1600 οὐκ
693 1557 737 1599 ἐν
767 1555 910 1615 ἡδονῇ.
951 1559 989 1598 5.
1014 1553 1099 1598 ἀλλ’
1121 1557 1159 1598 εἰ
1180 1556 1248 1598 καὶ
1280 1557 1384 1611 βαρύ
1411 1569 1475 1597 σοι
1498 1556 1542 1597 τὸ

175 1626 306 1682 ἔργον,
331 1625 386 1679 μὴ
417 1629 471 1683 τῷ
499 1640 543 1680 γε
574 1624 721 1678 ῥήματι
753 1624 1002 1677 παροξύνου·
1034 1622 1084 1665 ού
1114 1622 1189 1678 γὰρ
1219 1622 1328 1677 παρὰ
1358 1622 1402 1663 τὸ
1432 1623 1541 1677 ῥῆμα
1560 1634 1596 1661 το

176 1691 283 1733 ἔσται
307 1691 351 1732 τὸ
376 1690 507 1745 ἔργον,
532 1687 618 1732 ἀλλ’
639 1688 665 1744 ἡ
691 1696 763 1731 τοῦ
787 1689 965 1743 μάντεως
990 1688 1109 1742 φωνὴ
1135 1689 1288 1741 φθάνει
1312 1688 1356 1729 τὸ
1382 1687 1510 1742 ἔργον.

250 1799 269 1831 ι
306 1795 355 1832 Vl
375 1793 422 1841 γ’,
447 1794 510 1838 ar.
543 1794 600 1831 Va
625 1793 671 1839 ς’,
698 1792 766 1830 ιε’.
798 1795 852 1830 Vo
871 1792 917 1837 ς’,
944 1792 1012 1829 μιν.
1039 1791 1133 1836 soff,
1157 1791 1231 1828 κε’.
1267 1792 1311 1828 Vs·
1334 1790 1418 1838 [φ’]

249 1894 270 1927 2
296 1891 441 1927 Siever·
461 1894 507 1926 '14
525 1891 603 1927 not.
618 1893 675 1926 20.
696 1889 814 1926 Seeck
834 1893 891 1926 62.
912 1892 980 1925 831
1041 1892 1062 1925 3
1078 1888 1124 1925 of.
1145 1899 1203 1934 ep.
1223 1891 1304 1924 510.
1332 1887 1450 1923 Seeck
1469 1889 1538 1924 281

248 1989 270 2022 2
295 1985 544 2031 Ἀρισταινέτου
562 1986 594 2024 S
606 1987 651 2023 Vi
723 1990 746 2022 4
772 1986 874 2035 αὐτῷ
898 1987 937 2022 et
962 1982 1080 2022 αὐτὸν
1105 1983 1194 2020 libri
1219 1983 1328 2020 Wolf
1368 1983 1375 2031 Ι
1413 1982 1540 2020 πάντα

175 2033 284 2080 ἄγειν
302 2034 332 2072 S
354 2034 422 2070 sed
451 2047 523 2071 ντα
546 2034 596 2081 ἄγ
621 2033 685 2071 del
705 2035 712 2080 Ι
734 2032 834 2076 ὅστις
859 2034 896 2070 V
915 2033 983 2069 sed
1007 2043 1053 2069 ex
1078 2031 1156 2074 ὅτις
1179 2043 1263 2068 con·
1280 2030 1343 2067 m*
1408 2035 1428 2066 5
1455 2030 1539 2068 ἐθέ-

175 2084 231 2118 λει
256 2082 303 2118 Vi
346 2083 354 2128 Ι
398 2082 535 2125 δύντος
559 2082 693 2129 scripsi
712 2092 733 2118 ο
748 2082 784 2117 V
804 2081 872 2117 sed
896 2092 916 2117 e
942 2081 1130 2122 δύναντος
1154 2091 1237 2116 corr
1260 2079 1317 2115 m‘
1354 2078 1540 2121 δύναντος

184 2130 300 2166 VaVo
309 2130 355 2167 Vi
380 2129 488 2165 Wolf
520 2130 703 2171 δύνοντος
727 2130 758 2167 S
775 2130 781 2175 Ι
805 2129 951 2176 ἔτρεχεν
969 2128 1077 2165 Vsed
1091 2139 1224 2173 veras,
1256 2127 1312 2164 Va
1321 2127 1373 2164 Vo
1399 2126 1508 2163 Wolf
1531 2127 1537 2175 Ι

175 2177 241 2213 καὶ
266 2175 364 2225 εἶχεν
389 2178 507 2220 εὐθύς
531 2178 667 2225 scripsi
691 2189 712 2214 e
738 2178 805 2215 VS
816 2178 863 2214 Vi
887 2177 1007 2218 εὐθὺς
1030 2176 1095 2212 καὶ
1121 2172 1195 2223 εἶχε
1222 2175 1277 2211 Va
1286 2175 1338 2211 Vo
1363 2174 1471 2211 Wolf

175 2228 197 2260 6
222 2227 335 2262 τοῦδε
359 2225 494 2271 σοτίρεὶ
525 2236 546 2262 e
572 2226 704 2263 VVaS
715 2226 762 2263 Vi
797 2224 932 2261 τούτου
958 2225 1012 2262 Vo
1046 2223 1152 2259 Wolf
1245 2227 1266 2258 9
1293 2236 1356 2269 μοι
1380 2229 1540 2259 τοιαῦτα

174 2272 399 2319 ἐργάζεσθαι
423 2273 586 2311 δύναται
617 2273 645 2310 S
719 2276 764 2310 10
789 2272 970 2308 ἁπάντων
996 2272 1114 2308 VaVo
1145 2270 1254 2307 Wolf
1294 2274 1300 2317 1
1345 2272 1482 2307 δεινῶν
1509 2272 1544 2307 V

175 2319 244 2356 sed
267 2326 321 2358 ῶν
346 2320 387 2357 in
411 2332 472 2357 ηε
497 2321 555 2357 m‘
590 2321 720 2358 δεινὸν
746 2321 802 2357 Va
839 2320 966 2361 δεινὸς
990 2319 1080 2357 Vos
1093 2320 1141 2356 Vi
1160 2321 1166 2364 Ι
1187 2331 1231 2364 με
1257 2330 1318 2355 om
1343 2318 1373 2355 S
1433 2323 1477 2354 13
1502 2317 1539 2354 τί

182 2369 236 2406 Vo
310 2372 355 2405 15
381 2368 455 2416 ἔχει
479 2369 566 2407 SVi
586 2371 593 2416 Ι
614 2367 782 2416 γίγνεται
806 2368 863 2404 Va
873 2369 923 2406 Vo
955 2367 1057 2404 Wolf
1126 2370 1170 2403 21
1198 2364 1220 2413 ἢ
1248 2367 1301 2404 Vo
1323 2368 1329 2413 Ι
1351 2372 1458 2414 φωνῇ
1487 2367 1539 2403 Vo
