<?xml version="1.0" encoding="UTF-8"?>
<!DOCTYPE html PUBLIC "-//W3C//DTD XHTML 1.0 Transitional//EN"
    "http://www.w3.org/TR/xhtml1/DTD/xhtml1-transitional.dtd">
<html xmlns="http://www.w3.org/1999/xhtml" xml:lang="en" lang="en">
 <head>
  <title>
</title>
<meta http-equiv="Content-Type" content="text/html;charset=utf-8" />
  <meta name='ocr-system' content='tesseract 3.04.00' />
  <meta name='ocr-capabilities' content='ocr_page ocr_carea ocr_par ocr_line ocrx_word'/>
</head>
<body>
  <div class='ocr_page' id='page_1' title='image "./operarecensuitri10libauoft_0241.png"; bbox 0 0 1806 2964; ppageno 0'>
   <div class='ocr_carea' id='block_1_1' title="bbox 649 199 1586 243">
    <p class='ocr_par' dir='ltr' id='par_1_1' title="bbox 649 199 1586 243">
     <span class='ocr_line' id='line_1_1' title="bbox 649 199 1586 243; baseline 0.007 -7"><span class='ocrx_word' id='word_1_1' title='bbox 649 199 923 237; x_wconf 81' lang='lat' dir='ltr'>EPISTULAE</span> <span class='ocrx_word' id='word_1_2' title='bbox 949 204 1143 237; x_wconf 75' lang='lat'>242—243</span> <span class='ocrx_word' id='word_1_3' title='bbox 1256 217 1258 219; x_wconf 95' lang='lat'>·</span> <span class='ocrx_word' id='word_1_4' title='bbox 1498 199 1554 243; x_wconf 81' lang='grc'><strong><em>22</em></strong></span> <span class='ocrx_word' id='word_1_5' title='bbox 1559 200 1586 242; x_wconf 90' lang='grc'><strong>9</strong></span> 
     </span>
    </p>
   </div>
   <div class='ocr_carea' id='block_1_2' title="bbox 199 310 1642 1364">
    <p class='ocr_par' dir='ltr' id='par_1_2' title="bbox 199 310 1642 1364">
     <span class='ocr_line' id='line_1_2' title="bbox 201 310 1586 369; baseline 0.001 -17"><span class='ocrx_word' id='word_1_6' title='bbox 201 310 309 368; x_wconf 75' lang='grc' dir='ltr'><strong><em>ἤρξω</em></strong></span> <span class='ocrx_word' id='word_1_7' title='bbox 341 316 473 353; x_wconf 82' lang='grc' dir='ltr'><em>ποιεῖν</em></span> <span class='ocrx_word' id='word_1_8' title='bbox 504 311 584 354; x_wconf 88' lang='grc' dir='ltr'><strong><em>ἀπὸ</em></strong></span> <span class='ocrx_word' id='word_1_9' title='bbox 617 319 698 354; x_wconf 86' lang='grc' dir='ltr'><strong><em>τῶν</em></strong></span> <span class='ocrx_word' id='word_1_10' title='bbox 730 314 886 369; x_wconf 78' lang='grc' dir='ltr'><strong><em>χωρίων</em></strong></span> <span class='ocrx_word' id='word_1_11' title='bbox 917 320 997 355; x_wconf 84' lang='grc' dir='ltr'><strong><em>τῶν</em></strong></span> <span class='ocrx_word' id='word_1_12' title='bbox 1028 312 1146 367; x_wconf 77' lang='grc' dir='ltr'><strong><em>ἐμῶν.</em></strong></span> <span class='ocrx_word' id='word_1_13' title='bbox 1191 314 1255 355; x_wconf 88' lang='grc' dir='ltr'><strong><em>δεῖ</em></strong></span> <span class='ocrx_word' id='word_1_14' title='bbox 1281 312 1358 368; x_wconf 80' lang='grc' dir='ltr'><strong><em>γὰρ</em></strong></span> <span class='ocrx_word' id='word_1_15' title='bbox 1390 312 1522 355; x_wconf 78' lang='grc' dir='ltr'><strong><em>ἐκεῖνά</em></strong></span> <span class='ocrx_word' id='word_1_16' title='bbox 1546 328 1586 354; x_wconf 89' lang='grc' dir='ltr'><strong><em>τε</em></strong></span> 
     </span>
     <span class='ocr_line' id='line_1_3' title="bbox 202 377 1586 436; baseline 0.001 -17"><span class='ocrx_word' id='word_1_17' title='bbox 202 377 276 432; x_wconf 73' lang='grc' dir='ltr'><strong><em>ἐμὰ</em></strong></span> <span class='ocrx_word' id='word_1_18' title='bbox 301 382 438 420; x_wconf 80' lang='grc' dir='ltr'><strong><em>καλεῖν</em></strong></span> <span class='ocrx_word' id='word_1_19' title='bbox 463 378 530 420; x_wconf 79' lang='grc' dir='ltr'><strong><em>καὶ</em></strong></span> <span class='ocrx_word' id='word_1_20' title='bbox 555 385 678 421; x_wconf 83' lang='grc' dir='ltr'><strong><em>ταῦτα</em></strong></span> <span class='ocrx_word' id='word_1_21' title='bbox 705 381 765 422; x_wconf 82' lang='grc' dir='ltr'><strong><em>σά.</em></strong></span> <span class='ocrx_word' id='word_1_22' title='bbox 806 381 938 430; x_wconf 83' lang='grc' dir='ltr'><strong><em>δοκεῖς</em></strong></span> <span class='ocrx_word' id='word_1_23' title='bbox 961 380 1037 436; x_wconf 74' lang='grc' dir='ltr'><strong><em>γάρ</em></strong></span> <span class='ocrx_word' id='word_1_24' title='bbox 1063 396 1132 434; x_wconf 89' lang='grc' dir='ltr'><strong><em>μοι</em></strong></span> <span class='ocrx_word' id='word_1_25' title='bbox 1160 380 1338 434; x_wconf 82' lang='grc' dir='ltr'><strong><em>νομίζειν</em></strong></span> <span class='ocrx_word' id='word_1_26' title='bbox 1363 379 1586 433; x_wconf 81' lang='grc' dir='ltr'><strong><em>ἀδικήσειν,</em></strong></span> 
     </span>
     <span class='ocr_line' id='line_1_4' title="bbox 201 441 1586 502; baseline 0.001 -16"><span class='ocrx_word' id='word_1_27' title='bbox 201 445 244 486; x_wconf 83' lang='grc' dir='ltr'><strong><em>εἴ</em></strong></span> <span class='ocrx_word' id='word_1_28' title='bbox 261 461 370 495; x_wconf 87' lang='grc' dir='ltr'><strong><em>τινος</em></strong></span> <span class='ocrx_word' id='word_1_29' title='bbox 396 445 636 495; x_wconf 79' lang='grc' dir='ltr'><strong><em>ἀπολαύσεις</em></strong></span> <span class='ocrx_word' id='word_1_30' title='bbox 662 441 712 488; x_wconf 79' lang='grc' dir='ltr'><strong><em>οὗ</em></strong></span> <span class='ocrx_word' id='word_1_31' title='bbox 738 447 793 501; x_wconf 83' lang='grc' dir='ltr'><strong><em>μὴ</em></strong></span> <span class='ocrx_word' id='word_1_32' title='bbox 820 446 888 488; x_wconf 78' lang='grc' dir='ltr'><strong><em>καὶ</em></strong></span> <span class='ocrx_word' id='word_1_33' title='bbox 913 446 999 502; x_wconf 75' lang='grc' dir='ltr'>ἐγώ.</span> <span class='ocrx_word' id='word_1_34' title='bbox 1038 446 1124 489; x_wconf 75' lang='grc' dir='ltr'><strong><em>ἐπεὶ</em></strong></span> <span class='ocrx_word' id='word_1_35' title='bbox 1150 446 1193 489; x_wconf 83' lang='grc' dir='ltr'><strong><em>δὲ</em></strong></span> <span class='ocrx_word' id='word_1_36' title='bbox 1218 446 1266 488; x_wconf 84' lang='grc' dir='ltr'><strong><em>τὰ</em></strong></span> <span class='ocrx_word' id='word_1_37' title='bbox 1286 446 1396 502; x_wconf 80' lang='grc' dir='ltr'><strong><em>δῶρά</em></strong></span> <span class='ocrx_word' id='word_1_38' title='bbox 1415 458 1489 488; x_wconf 88' lang='grc' dir='ltr'><strong><em>σου</em></strong></span> <span class='ocrx_word' id='word_1_39' title='bbox 1510 446 1586 488; x_wconf 76' lang='grc' dir='ltr'><strong><em>οὐκ</em></strong></span> 
     </span>
     <span class='ocr_line' id='line_1_5' title="bbox 203 509 1582 569; baseline 0.001 -16"><span class='ocrx_word' id='word_1_40' title='bbox 203 511 310 553; x_wconf 80' lang='grc' dir='ltr'><strong><em>ἔστιν</em></strong></span> <span class='ocrx_word' id='word_1_41' title='bbox 341 511 596 566; x_wconf 87' lang='grc' dir='ltr'><strong><em>ἀμύνασθαι,</em></strong></span> <span class='ocrx_word' id='word_1_42' title='bbox 629 511 747 567; x_wconf 83' lang='grc' dir='ltr'><em>δέχου</em></span> <span class='ocrx_word' id='word_1_43' title='bbox 778 509 869 569; x_wconf 90' lang='grc' dir='ltr'><strong><em>παρ’</em></strong></span> <span class='ocrx_word' id='word_1_44' title='bbox 898 512 1014 568; x_wconf 84' lang='grc' dir='ltr'><strong><em>ἡμῶν</em></strong></span> <span class='ocrx_word' id='word_1_45' title='bbox 1045 512 1240 555; x_wconf 78' lang='grc' dir='ltr'><strong><em>ἐνύπνιον</em></strong></span> <span class='ocrx_word' id='word_1_46' title='bbox 1271 510 1353 555; x_wconf 82' lang='grc' dir='ltr'><strong><em>ἀντ’</em></strong></span> <span class='ocrx_word' id='word_1_47' title='bbox 1375 513 1582 555; x_wconf 77' lang='grc' dir='ltr'><strong><em>ἐνυπνίου.</em></strong></span> 
     </span>
     <span class='ocr_line' id='line_1_6' title="bbox 204 578 1636 634; baseline 0.001 -16"><span class='ocrx_word' id='word_1_48' title='bbox 204 579 241 619; x_wconf 84' lang='grc'><strong><em>2.</em></strong></span> <span class='ocrx_word' id='word_1_49' title='bbox 254 578 326 620; x_wconf 86' lang='grc' dir='ltr'><strong><em>τὸν</em></strong></span> <span class='ocrx_word' id='word_1_50' title='bbox 343 579 472 620; x_wconf 87' lang='grc' dir='ltr'><strong><em>παῖδα</em></strong></span> <span class='ocrx_word' id='word_1_51' title='bbox 490 579 678 629; x_wconf 82' lang='grc' dir='ltr'><strong><em>κελεύσας</em></strong></span> <span class='ocrx_word' id='word_1_52' title='bbox 697 579 836 621; x_wconf 79' lang='grc' dir='ltr'><em>ἅπτειν</em></span> <span class='ocrx_word' id='word_1_53' title='bbox 857 580 1020 634; x_wconf 85' lang='grc' dir='ltr'><strong><em>λύχνον,</em></strong></span> <span class='ocrx_word' id='word_1_54' title='bbox 1039 579 1093 630; x_wconf 79' lang='grc' dir='ltr'><strong><em>ὥς</em></strong></span> <span class='ocrx_word' id='word_1_55' title='bbox 1113 579 1377 634; x_wconf 77' lang='grc' dir='ltr'><strong><em>ἐπιστείλαιμί</em></strong></span> <span class='ocrx_word' id='word_1_56' title='bbox 1387 592 1466 633; x_wconf 86' lang='grc' dir='ltr'><strong><em>σοι,</em></strong></span> <span class='ocrx_word' id='word_1_57' title='bbox 1478 579 1583 621; x_wconf 80' lang='grc' dir='ltr'><strong><em>ἕπει·</em></strong></span> <span class='ocrx_word' id='word_1_58' title='bbox 1620 592 1636 620; x_wconf 73' lang='lat'><strong>5</strong></span> 
     </span>
     <span class='ocr_line' id='line_1_7' title="bbox 204 642 1582 701; baseline 0.001 -15"><span class='ocrx_word' id='word_1_59' title='bbox 204 643 256 697; x_wconf 81' lang='grc' dir='ltr'><strong><em>δὴ</em></strong></span> <span class='ocrx_word' id='word_1_60' title='bbox 280 643 426 698; x_wconf 79' lang='grc' dir='ltr'><strong><em>ἔμελλε,</em></strong></span> <span class='ocrx_word' id='word_1_61' title='bbox 451 643 701 701; x_wconf 78' lang='grc' dir='ltr'><strong><em>κατέδαρθον</em></strong></span> <span class='ocrx_word' id='word_1_62' title='bbox 726 645 795 687; x_wconf 79' lang='grc' dir='ltr'><strong><em>καὶ</em></strong></span> <span class='ocrx_word' id='word_1_63' title='bbox 819 645 936 697; x_wconf 75' lang='grc' dir='ltr'><strong><em>ἔδοξα</em></strong></span> <span class='ocrx_word' id='word_1_64' title='bbox 955 642 1047 701; x_wconf 89' lang='grc' dir='ltr'><strong><em>παρ’</em></strong></span> <span class='ocrx_word' id='word_1_65' title='bbox 1068 646 1167 700; x_wconf 79' lang='grc' dir='ltr'><strong><em>ὑμῖν</em></strong></span> <span class='ocrx_word' id='word_1_66' title='bbox 1184 662 1224 688; x_wconf 83' lang='grc' dir='ltr'><strong><em>τε</em></strong></span> <span class='ocrx_word' id='word_1_67' title='bbox 1243 642 1348 688; x_wconf 84' lang='grc' dir='ltr'><strong><em>εἶναι</em></strong></span> <span class='ocrx_word' id='word_1_68' title='bbox 1365 646 1434 688; x_wconf 78' lang='grc' dir='ltr'><strong><em>καὶ</em></strong></span> <span class='ocrx_word' id='word_1_69' title='bbox 1452 644 1495 687; x_wconf 81' lang='grc' dir='ltr'><strong><em>σὲ</em></strong></span> <span class='ocrx_word' id='word_1_70' title='bbox 1514 647 1582 700; x_wconf 82' lang='grc' dir='ltr'><strong><em>ζη-</em></strong></span> 
     </span>
     <span class='ocr_line' id='line_1_8' title="bbox 201 706 1582 769; baseline 0.001 -17"><span class='ocrx_word' id='word_1_71' title='bbox 201 715 294 753; x_wconf 86' lang='grc' dir='ltr'><strong><em>τεῖν.</em></strong></span> <span class='ocrx_word' id='word_1_72' title='bbox 332 710 445 766; x_wconf 68' lang='grc' dir='ltr'><strong><em>ἄγειν</em></strong></span> <span class='ocrx_word' id='word_1_73' title='bbox 475 706 551 752; x_wconf 81' lang='grc' dir='ltr'><strong><em>οὖν</em></strong></span> <span class='ocrx_word' id='word_1_74' title='bbox 582 711 630 766; x_wconf 80' lang='grc' dir='ltr'><strong><em>μέ</em></strong></span> <span class='ocrx_word' id='word_1_75' title='bbox 659 727 749 754; x_wconf 86' lang='grc' dir='ltr'><strong><em>τινα</em></strong></span> <span class='ocrx_word' id='word_1_76' title='bbox 781 708 830 753; x_wconf 86' lang='grc' dir='ltr'><strong><em>δι’</em></strong></span> <span class='ocrx_word' id='word_1_77' title='bbox 852 712 1019 766; x_wconf 83' lang='grc' dir='ltr'><strong><em>ὑψηλοῦ</em></strong></span> <span class='ocrx_word' id='word_1_78' title='bbox 1050 714 1244 766; x_wconf 79' lang='grc' dir='ltr'><strong><em>θεάτρου,</em></strong></span> <span class='ocrx_word' id='word_1_79' title='bbox 1267 719 1398 769; x_wconf 80' lang='grc' dir='ltr'><strong><em>γραῦν</em></strong></span> <span class='ocrx_word' id='word_1_80' title='bbox 1424 711 1469 754; x_wconf 85' lang='grc' dir='ltr'><strong><em>δέ</em></strong></span> <span class='ocrx_word' id='word_1_81' title='bbox 1492 728 1582 754; x_wconf 89' lang='grc' dir='ltr'><strong><em>τινα</em></strong></span> 
     </span>
     <span class='ocr_line' id='line_1_9' title="bbox 199 770 1581 835; baseline 0.001 -15"><span class='ocrx_word' id='word_1_82' title='bbox 199 785 379 832; x_wconf 79' lang='grc' dir='ltr'><strong><em>γνοῦσαν</em></strong></span> <span class='ocrx_word' id='word_1_83' title='bbox 397 774 459 830; x_wconf 80' lang='grc' dir='ltr'><strong><em>ἐφ’</em></strong></span> <span class='ocrx_word' id='word_1_84' title='bbox 477 770 583 835; x_wconf 72' lang='grc' dir='ltr'><strong><em>ᾧπερ</em></strong></span> <span class='ocrx_word' id='word_1_85' title='bbox 608 778 837 833; x_wconf 80' lang='grc' dir='ltr'><strong><em>ἐχωροῦμεν</em></strong></span> <span class='ocrx_word' id='word_1_86' title='bbox 862 777 959 821; x_wconf 83' lang='grc' dir='ltr'><strong><em>ὁδὸν</em></strong></span> <span class='ocrx_word' id='word_1_87' title='bbox 984 778 1121 835; x_wconf 78' lang='grc' dir='ltr'><strong><em>ἑτέραν</em></strong></span> <span class='ocrx_word' id='word_1_88' title='bbox 1141 779 1296 833; x_wconf 83' lang='grc' dir='ltr'><strong><em>ἐκείνης</em></strong></span> <span class='ocrx_word' id='word_1_89' title='bbox 1321 778 1424 833; x_wconf 83' lang='grc' dir='ltr'><strong><em>ἡδίω</em></strong></span> <span class='ocrx_word' id='word_1_90' title='bbox 1443 780 1581 831; x_wconf 79' lang='grc' dir='ltr'><strong><em>δεῖξαι,</em></strong></span> 
     </span>
     <span class='ocr_line' id='line_1_10' title="bbox 201 840 1581 904; baseline 0.001 -19"><span class='ocrx_word' id='word_1_91' title='bbox 201 840 295 886; x_wconf 83' lang='grc' dir='ltr'><strong><em>καθ’</em></strong></span> <span class='ocrx_word' id='word_1_92' title='bbox 317 843 369 898; x_wconf 78' lang='grc' dir='ltr'><strong><em>ἣν</em></strong></span> <span class='ocrx_word' id='word_1_93' title='bbox 397 844 531 894; x_wconf 70' lang='grc' dir='ltr'><strong><em>ἰόντας</em></strong></span> <span class='ocrx_word' id='word_1_94' title='bbox 555 844 733 900; x_wconf 82' lang='grc' dir='ltr'><strong><em>ἐντυχεῖν</em></strong></span> <span class='ocrx_word' id='word_1_95' title='bbox 759 857 823 886; x_wconf 93' lang='grc' dir='ltr'><strong><em>σοι</em></strong></span> <span class='ocrx_word' id='word_1_96' title='bbox 847 845 1023 899; x_wconf 75' lang='grc' dir='ltr'><strong><em>καθημέι</em></strong></span> <span class='ocrx_word' id='word_1_97' title='bbox 1037 862 1070 904; x_wconf 72' lang='grc' dir='ltr'><strong><em>ω</em></strong></span> <span class='ocrx_word' id='word_1_98' title='bbox 1094 846 1196 900; x_wconf 85' lang='grc' dir='ltr'><strong><em>πρός</em></strong></span> <span class='ocrx_word' id='word_1_99' title='bbox 1220 862 1300 887; x_wconf 92' lang='grc' dir='ltr'><strong><em>τινι</em></strong></span> <span class='ocrx_word' id='word_1_100' title='bbox 1324 850 1403 903; x_wconf 78' lang='grc' dir='ltr'><strong><em>νεῷ</em></strong></span> <span class='ocrx_word' id='word_1_101' title='bbox 1421 845 1490 887; x_wconf 80' lang='grc' dir='ltr'><strong><em>καὶ</em></strong></span> <span class='ocrx_word' id='word_1_102' title='bbox 1508 846 1581 900; x_wconf 82' lang='grc' dir='ltr'><strong><em>κή-</em></strong></span> 
     </span>
     <span class='ocr_line' id='line_1_11' title="bbox 203 909 1642 969; baseline 0.001 -17"><span class='ocrx_word' id='word_1_103' title='bbox 203 926 281 969; x_wconf 70' lang='grc' dir='ltr'><strong><em>πῳ,</em></strong></span> <span class='ocrx_word' id='word_1_104' title='bbox 305 910 380 965; x_wconf 85' lang='grc' dir='ltr'><strong><em>τὴν</em></strong></span> <span class='ocrx_word' id='word_1_105' title='bbox 406 909 450 953; x_wconf 81' lang='grc' dir='ltr'><strong><em>δὲ</em></strong></span> <span class='ocrx_word' id='word_1_106' title='bbox 475 910 677 966; x_wconf 78' lang='grc' dir='ltr'><strong><em>ἀνάβασιν</em></strong></span> <span class='ocrx_word' id='word_1_107' title='bbox 702 911 777 965; x_wconf 84' lang='grc' dir='ltr'><strong><em>τὴν</em></strong></span> <span class='ocrx_word' id='word_1_108' title='bbox 803 912 860 961; x_wconf 84' lang='grc' dir='ltr'><strong><em>εἰς</em></strong></span> <span class='ocrx_word' id='word_1_109' title='bbox 879 912 948 954; x_wconf 90' lang='grc' dir='ltr'><strong><em>τὸν</em></strong></span> <span class='ocrx_word' id='word_1_110' title='bbox 969 913 1087 966; x_wconf 84' lang='grc' dir='ltr'><strong><em>νεών,</em></strong></span> <span class='ocrx_word' id='word_1_111' title='bbox 1108 913 1299 968; x_wconf 84' lang='grc' dir='ltr'><strong><em>βαθμοὺς</em></strong></span> <span class='ocrx_word' id='word_1_112' title='bbox 1318 912 1394 955; x_wconf 75' lang='grc' dir='ltr'><strong><em>οὐκ</em></strong></span> <span class='ocrx_word' id='word_1_113' title='bbox 1413 911 1588 968; x_wconf 80' lang='grc' dir='ltr'><strong><em>ὀλίγους,</em></strong></span> <span class='ocrx_word' id='word_1_114' title='bbox 1607 928 1642 954; x_wconf 79' lang='grc' dir='ltr'><strong><em>ιο</em></strong></span> 
     </span>
     <span class='ocr_line' id='line_1_12' title="bbox 200 976 1583 1033; baseline 0.002 -15"><span class='ocrx_word' id='word_1_115' title='bbox 200 976 282 1020; x_wconf 76' lang='grc' dir='ltr'><strong><em>ὑπὸ</em></strong></span> <span class='ocrx_word' id='word_1_116' title='bbox 313 977 417 1020; x_wconf 79' lang='grc' dir='ltr'><strong><em>νέων</em></strong></span> <span class='ocrx_word' id='word_1_117' title='bbox 447 978 673 1031; x_wconf 74' lang='grc' dir='ltr'><strong><em>πηδώντων</em></strong></span> <span class='ocrx_word' id='word_1_118' title='bbox 704 977 939 1033; x_wconf 82' lang='grc' dir='ltr'><strong><em>κατέχεσθαι</em></strong></span> <span class='ocrx_word' id='word_1_119' title='bbox 969 978 1265 1033; x_wconf 82' lang='grc' dir='ltr'><strong><em>θαυμαζόντων</em></strong></span> <span class='ocrx_word' id='word_1_120' title='bbox 1290 979 1401 1029; x_wconf 81' lang='grc' dir='ltr'><strong><em>ὅπως</em></strong></span> <span class='ocrx_word' id='word_1_121' title='bbox 1431 977 1583 1033; x_wconf 81' lang='grc' dir='ltr'><strong><em>ἡμιλλῶ</em></strong></span> 
     </span>
     <span class='ocr_line' id='line_1_13' title="bbox 200 1043 1583 1100; baseline 0.001 -15"><span class='ocrx_word' id='word_1_122' title='bbox 200 1044 303 1099; x_wconf 86' lang='grc' dir='ltr'><strong><em>πρὸς</em></strong></span> <span class='ocrx_word' id='word_1_123' title='bbox 327 1043 624 1098; x_wconf 82' lang='grc' dir='ltr'><strong><em>Δημοσθένους</em></strong></span> <span class='ocrx_word' id='word_1_124' title='bbox 648 1044 770 1100; x_wconf 76' lang='grc' dir='ltr'><strong><em>λόγον</em></strong></span> <span class='ocrx_word' id='word_1_125' title='bbox 795 1045 950 1087; x_wconf 85' lang='grc' dir='ltr'><strong><em>τούτων</em></strong></span> <span class='ocrx_word' id='word_1_126' title='bbox 976 1045 1027 1099; x_wconf 80' lang='grc' dir='ltr'><strong><em>δὴ</em></strong></span> <span class='ocrx_word' id='word_1_127' title='bbox 1050 1052 1130 1087; x_wconf 85' lang='grc' dir='ltr'><strong><em>τῶν</em></strong></span> <span class='ocrx_word' id='word_1_128' title='bbox 1150 1045 1250 1086; x_wconf 82' lang='grc' dir='ltr'><strong><em>κατὰ</em></strong></span> <span class='ocrx_word' id='word_1_129' title='bbox 1269 1053 1341 1087; x_wconf 87' lang='grc' dir='ltr'><strong><em>τοῦ</em></strong></span> <span class='ocrx_word' id='word_1_130' title='bbox 1363 1046 1583 1100; x_wconf 76' lang='grc' dir='ltr'><strong><em>Φιλίππου,</em></strong></span> 
     </span>
     <span class='ocr_line' id='line_1_14' title="bbox 201 1107 1581 1167; baseline 0.001 -15"><span class='ocrx_word' id='word_1_131' title='bbox 201 1109 244 1152; x_wconf 81' lang='grc' dir='ltr'><strong><em>σὲ</em></strong></span> <span class='ocrx_word' id='word_1_132' title='bbox 270 1107 302 1152; x_wconf 87' lang='grc' dir='ltr'><strong><em>δ’</em></strong></span> <span class='ocrx_word' id='word_1_133' title='bbox 325 1111 464 1152; x_wconf 85' lang='grc' dir='ltr'><strong><em>ἰδόντα</em></strong></span> <span class='ocrx_word' id='word_1_134' title='bbox 490 1109 562 1164; x_wconf 84' lang='grc' dir='ltr'><strong><em>μὲν</em></strong></span> <span class='ocrx_word' id='word_1_135' title='bbox 588 1108 695 1165; x_wconf 82' lang='grc' dir='ltr'><strong><em>ἡμᾶς</em></strong></span> <span class='ocrx_word' id='word_1_136' title='bbox 720 1111 962 1166; x_wconf 82' lang='grc' dir='ltr'><strong><em>ἀναστῆναι,</em></strong></span> <span class='ocrx_word' id='word_1_137' title='bbox 989 1119 1062 1154; x_wconf 81' lang='grc' dir='ltr'><strong><em>τοῦ</em></strong></span> <span class='ocrx_word' id='word_1_138' title='bbox 1086 1111 1214 1167; x_wconf 80' lang='grc' dir='ltr'><strong><em>λέγειν</em></strong></span> <span class='ocrx_word' id='word_1_139' title='bbox 1240 1111 1284 1154; x_wconf 83' lang='grc' dir='ltr'><strong><em>δὲ</em></strong></span> <span class='ocrx_word' id='word_1_140' title='bbox 1309 1112 1384 1154; x_wconf 82' lang='grc' dir='ltr'><strong><em>οὐκ</em></strong></span> <span class='ocrx_word' id='word_1_141' title='bbox 1408 1111 1581 1167; x_wconf 86' lang='grc' dir='ltr'><strong><em>ἀποστῆ-</em></strong></span> 
     </span>
     <span class='ocr_line' id='line_1_15' title="bbox 201 1175 1584 1233; baseline 0.002 -15"><span class='ocrx_word' id='word_1_142' title='bbox 201 1192 284 1232; x_wconf 87' lang='grc' dir='ltr'><strong><em>ναι,</em></strong></span> <span class='ocrx_word' id='word_1_143' title='bbox 309 1176 407 1219; x_wconf 79' lang='grc' dir='ltr'><strong><em>ὥστε</em></strong></span> <span class='ocrx_word' id='word_1_144' title='bbox 431 1193 469 1218; x_wconf 88' lang='grc' dir='ltr'><strong><em>τι</em></strong></span> <span class='ocrx_word' id='word_1_145' title='bbox 493 1176 562 1218; x_wconf 79' lang='grc' dir='ltr'><strong><em>καὶ</em></strong></span> <span class='ocrx_word' id='word_1_146' title='bbox 586 1175 693 1231; x_wconf 81' lang='grc' dir='ltr'><strong><em>ἡμᾶς</em></strong></span> <span class='ocrx_word' id='word_1_147' title='bbox 718 1177 900 1220; x_wconf 82' lang='grc' dir='ltr'><strong><em>ἀκοῦσαι.</em></strong></span> <span class='ocrx_word' id='word_1_148' title='bbox 942 1180 982 1220; x_wconf 87' lang='grc'><strong><em>3.</em></strong></span> <span class='ocrx_word' id='word_1_149' title='bbox 1002 1177 1046 1220; x_wconf 74' lang='grc' dir='ltr'><strong><em>ἕν</em></strong></span> <span class='ocrx_word' id='word_1_150' title='bbox 1064 1194 1111 1233; x_wconf 85' lang='grc' dir='ltr'><strong><em>με</em></strong></span> <span class='ocrx_word' id='word_1_151' title='bbox 1130 1178 1326 1233; x_wconf 82' lang='grc' dir='ltr'><strong><em>ἠδίκησεν</em></strong></span> <span class='ocrx_word' id='word_1_152' title='bbox 1345 1176 1371 1232; x_wconf 77' lang='grc' dir='ltr'><em>ἡ</em></span> <span class='ocrx_word' id='word_1_153' title='bbox 1391 1179 1486 1230; x_wconf 77' lang='grc' dir='ltr'><strong><em>νύξ·</em></strong></span> <span class='ocrx_word' id='word_1_154' title='bbox 1505 1179 1584 1221; x_wconf 76' lang='grc' dir='ltr'><strong><em>οὐκ</em></strong></span> 
     </span>
     <span class='ocr_line' id='line_1_16' title="bbox 199 1240 1637 1302; baseline 0.001 -18"><span class='ocrx_word' id='word_1_155' title='bbox 199 1241 380 1296; x_wconf 78' lang='grc' dir='ltr'><strong><em>ἐφύλαξα</em></strong></span> <span class='ocrx_word' id='word_1_156' title='bbox 404 1244 448 1286; x_wconf 89' lang='grc' dir='ltr'><strong><em>τὸ</em></strong></span> <span class='ocrx_word' id='word_1_157' title='bbox 474 1242 616 1299; x_wconf 76' lang='grc' dir='ltr'><strong><em>ῥηθέν.</em></strong></span> <span class='ocrx_word' id='word_1_158' title='bbox 655 1243 718 1286; x_wconf 81' lang='grc' dir='ltr'><strong><em>σοὶ</em></strong></span> <span class='ocrx_word' id='word_1_159' title='bbox 738 1240 777 1285; x_wconf 87' lang='grc' dir='ltr'><strong><em>δ’</em></strong></span> <span class='ocrx_word' id='word_1_160' title='bbox 800 1245 842 1286; x_wconf 84' lang='grc' dir='ltr'><strong><em>εἴ</em></strong></span> <span class='ocrx_word' id='word_1_161' title='bbox 853 1260 892 1285; x_wconf 87' lang='grc' dir='ltr'><strong><em>τι</em></strong></span> <span class='ocrx_word' id='word_1_162' title='bbox 909 1251 1093 1287; x_wconf 85' lang='grc' dir='ltr'><strong><em>τοιοῦτον</em></strong></span> <span class='ocrx_word' id='word_1_163' title='bbox 1113 1244 1209 1299; x_wconf 77' lang='grc' dir='ltr'><strong><em>ἔστι,</em></strong></span> <span class='ocrx_word' id='word_1_164' title='bbox 1226 1245 1356 1299; x_wconf 82' lang='grc' dir='ltr'><strong><em>πέμπε</em></strong></span> <span class='ocrx_word' id='word_1_165' title='bbox 1374 1244 1443 1287; x_wconf 78' lang='grc' dir='ltr'><strong><em>καὶ</em></strong></span> <span class='ocrx_word' id='word_1_166' title='bbox 1461 1245 1583 1302; x_wconf 80' lang='grc' dir='ltr'><strong><em>ὑπερ·</em></strong></span> <span class='ocrx_word' id='word_1_167' title='bbox 1603 1258 1637 1286; x_wconf 73' lang='lat'><strong><em>15</em></strong></span> 
     </span>
     <span class='ocr_line' id='line_1_17' title="bbox 202 1324 407 1364; baseline 0.005 -13"><span class='ocrx_word' id='word_1_168' title='bbox 202 1324 407 1364; x_wconf 80' lang='grc' dir='ltr'><strong><em>ευφραινε.</em></strong></span> 
     </span>
    </p>
   </div>
   <div class='ocr_carea' id='block_1_3' title="bbox 202 1409 494 1417">
    <p class='ocr_par' dir='ltr' id='par_1_3' title="bbox 202 1409 494 1417">
     <span class='ocr_line' id='line_1_18' title="bbox 202 1409 494 1417; baseline 0 1547"><span class='ocrx_word' id='word_1_169' title='bbox 202 1409 494 1417; x_wconf 95' lang='lat' dir='ltr'><strong><em> </em></strong></span> 
     </span>
    </p>
   </div>
   <div class='ocr_carea' id='block_1_4' title="bbox 272 1462 792 1511">
    <p class='ocr_par' dir='ltr' id='par_1_4' title="bbox 272 1462 792 1511">
     <span class='ocr_line' id='line_1_19' title="bbox 272 1462 792 1511; baseline 0.004 -13"><span class='ocrx_word' id='word_1_170' title='bbox 272 1466 297 1498; x_wconf 77' lang='lat'>4</span> <span class='ocrx_word' id='word_1_171' title='bbox 322 1462 419 1500; x_wconf 60' lang='lat' dir='ltr'><strong><em>Plass.</em></strong></span> <span class='ocrx_word' id='word_1_172' title='bbox 439 1462 595 1501; x_wconf 58' lang='lat' dir='ltr'><strong>Thesei.</strong></span> <span class='ocrx_word' id='word_1_173' title='bbox 616 1476 652 1511; x_wconf 88' lang='lat' dir='ltr'><strong><em>p.</em></strong></span> <span class='ocrx_word' id='word_1_174' title='bbox 675 1464 792 1500; x_wconf 81' lang='lat'><strong>2011)</strong></span> 
     </span>
    </p>
   </div>
   <div class='ocr_carea' id='block_1_5' title="bbox 200 1555 493 1564">
    <p class='ocr_par' dir='ltr' id='par_1_5' title="bbox 200 1555 493 1564">
     <span class='ocr_line' id='line_1_20' title="bbox 200 1555 493 1564; baseline 0 0"><span class='ocrx_word' id='word_1_175' title='bbox 200 1555 493 1564; x_wconf 95' lang='lat' dir='ltr'><strong><em> </em></strong></span> 
     </span>
    </p>
   </div>
   <div class='ocr_carea' id='block_1_6' title="bbox 199 1607 1587 2188">
    <p class='ocr_par' dir='ltr' id='par_1_6' title="bbox 201 1607 1587 1753">
     <span class='ocr_line' id='line_1_21' title="bbox 274 1607 1582 1657; baseline 0.004 -13"><span class='ocrx_word' id='word_1_176' title='bbox 274 1613 296 1645; x_wconf 83' lang='lat'>2</span> <span class='ocrx_word' id='word_1_177' title='bbox 321 1608 448 1645; x_wconf 78' lang='grc' dir='ltr'><strong><em>πάντα</em></strong></span> <span class='ocrx_word' id='word_1_178' title='bbox 474 1607 584 1645; x_wconf 87' lang='lat' dir='ltr'><strong>Wolf</strong></span> <span class='ocrx_word' id='word_1_179' title='bbox 604 1609 664 1645; x_wconf 88' lang='lat' dir='ltr'><strong><em>An</em></strong></span> <span class='ocrx_word' id='word_1_180' title='bbox 739 1613 762 1645; x_wconf 86' lang='grc'><strong>3</strong></span> <span class='ocrx_word' id='word_1_181' title='bbox 787 1610 1048 1652; x_wconf 69' lang='grc' dir='ltr'><strong><em>ἀπολαύσαις-9</em></strong></span> <span class='ocrx_word' id='word_1_182' title='bbox 1081 1613 1087 1657; x_wconf 82' lang='grc' dir='ltr'>Ι</span> <span class='ocrx_word' id='word_1_183' title='bbox 1120 1621 1188 1647; x_wconf 86' lang='grc' dir='ltr'><strong><em>σου</em></strong></span> <span class='ocrx_word' id='word_1_184' title='bbox 1213 1610 1351 1657; x_wconf 78' lang='lat' dir='ltr'>scripsi</span> <span class='ocrx_word' id='word_1_185' title='bbox 1377 1621 1398 1647; x_wconf 82' lang='lat' dir='ltr'>e</span> <span class='ocrx_word' id='word_1_186' title='bbox 1423 1611 1520 1649; x_wconf 91' lang='lat' dir='ltr'><strong><em>VVa</em></strong></span> <span class='ocrx_word' id='word_1_187' title='bbox 1528 1612 1582 1649; x_wconf 88' lang='lat' dir='ltr'><strong><em>Vo</em></strong></span> 
     </span>
     <span class='ocr_line' id='line_1_22' title="bbox 201 1655 1582 1706; baseline 0.001 -12"><span class='ocrx_word' id='word_1_188' title='bbox 201 1658 245 1694; x_wconf 88' lang='lat' dir='ltr'><em>D</em></span> <span class='ocrx_word' id='word_1_189' title='bbox 282 1669 342 1694; x_wconf 90' lang='grc' dir='ltr'><strong><em>σοι</em></strong></span> <span class='ocrx_word' id='word_1_190' title='bbox 360 1658 418 1695; x_wconf 75' lang='lat' dir='ltr'><strong><em>Be</em></strong></span> <span class='ocrx_word' id='word_1_191' title='bbox 437 1655 547 1693; x_wconf 87' lang='lat' dir='ltr'><strong>Wolf</strong></span> <span class='ocrx_word' id='word_1_192' title='bbox 611 1661 634 1693; x_wconf 77' lang='lat'>4</span> <span class='ocrx_word' id='word_1_193' title='bbox 654 1656 890 1705; x_wconf 78' lang='grc' dir='ltr'><strong><em>ἀμείνασθαι</em></strong></span> <span class='ocrx_word' id='word_1_194' title='bbox 907 1659 943 1695; x_wconf 89' lang='lat' dir='ltr'><strong><em>V</em></strong></span> <span class='ocrx_word' id='word_1_195' title='bbox 970 1656 1215 1706; x_wconf 74' lang='grc' dir='ltr'><strong><em>ἀμείψασθαι</em></strong></span> <span class='ocrx_word' id='word_1_196' title='bbox 1233 1660 1276 1696; x_wconf 87' lang='lat' dir='ltr'><em>D</em></span> <span class='ocrx_word' id='word_1_197' title='bbox 1296 1664 1302 1703; x_wconf 80' lang='grc'>1</span> <span class='ocrx_word' id='word_1_198' title='bbox 1325 1659 1582 1697; x_wconf 80' lang='grc' dir='ltr'><strong><em>ἀντενυπνίου</em></strong></span> 
     </span>
     <span class='ocr_line' id='line_1_23' title="bbox 209 1705 1587 1753; baseline 0.001 -10"><span class='ocrx_word' id='word_1_199' title='bbox 209 1706 267 1743; x_wconf 87' lang='lat' dir='ltr'><strong><em>Va</em></strong></span> <span class='ocrx_word' id='word_1_200' title='bbox 328 1709 350 1742; x_wconf 82' lang='lat'><strong>5</strong></span> <span class='ocrx_word' id='word_1_201' title='bbox 378 1705 510 1752; x_wconf 71' lang='grc' dir='ltr'><strong><em>ἐπειδὴ</em></strong></span> <span class='ocrx_word' id='word_1_202' title='bbox 535 1705 670 1753; x_wconf 79' lang='lat' dir='ltr'><strong>scripsi</strong></span> <span class='ocrx_word' id='word_1_203' title='bbox 690 1717 711 1742; x_wconf 82' lang='lat' dir='ltr'>e</span> <span class='ocrx_word' id='word_1_204' title='bbox 739 1707 817 1743; x_wconf 92' lang='lat' dir='ltr'><strong><em>VD</em></strong></span> <span class='ocrx_word' id='word_1_205' title='bbox 842 1709 887 1742; x_wconf 76' lang='lat' dir='ltr'><strong><em>ut.</em></strong></span> <span class='ocrx_word' id='word_1_206' title='bbox 906 1707 993 1743; x_wconf 87' lang='lat' dir='ltr'><strong>coni</strong></span> <span class='ocrx_word' id='word_1_207' title='bbox 1011 1707 1067 1743; x_wconf 82' lang='lat' dir='ltr'><strong><em>Re</em></strong></span> <span class='ocrx_word' id='word_1_208' title='bbox 1106 1707 1187 1744; x_wconf 71' lang='grc' dir='ltr'><strong><em>ἐπεὶ</em></strong></span> <span class='ocrx_word' id='word_1_209' title='bbox 1207 1708 1250 1745; x_wconf 73' lang='grc' dir='ltr'><strong><em>δὲ</em></strong></span> <span class='ocrx_word' id='word_1_210' title='bbox 1277 1708 1459 1745; x_wconf 79' lang='lat' dir='ltr'><strong><em>VaVoBe</em></strong></span> <span class='ocrx_word' id='word_1_211' title='bbox 1477 1708 1587 1745; x_wconf 85' lang='lat' dir='ltr'><strong>Wolf</strong></span> 
     </span>
    </p>

    <p class='ocr_par' dir='ltr' id='par_1_7' title="bbox 199 1753 1582 2188">
     <span class='ocr_line' id='line_1_24' title="bbox 251 1753 1582 1804; baseline 0.003 -14"><span class='ocrx_word' id='word_1_212' title='bbox 251 1758 273 1790; x_wconf 80' lang='lat'><strong>6</strong></span> <span class='ocrx_word' id='word_1_213' title='bbox 299 1753 447 1802; x_wconf 79' lang='grc' dir='ltr'><strong><em>ἔμελλεν</em></strong></span> <span class='ocrx_word' id='word_1_214' title='bbox 473 1754 531 1791; x_wconf 83' lang='lat' dir='ltr'><strong><em>Va</em></strong></span> <span class='ocrx_word' id='word_1_215' title='bbox 575 1758 581 1799; x_wconf 83' lang='grc' dir='ltr'>Ι</span> <span class='ocrx_word' id='word_1_216' title='bbox 627 1753 872 1801; x_wconf 77' lang='grc' dir='ltr'><strong><em>κατέδραθον</em></strong></span> <span class='ocrx_word' id='word_1_217' title='bbox 899 1755 1081 1793; x_wconf 82' lang='lat' dir='ltr'><strong><em>VaVoBe</em></strong></span> <span class='ocrx_word' id='word_1_218' title='bbox 1106 1755 1151 1791; x_wconf 85' lang='lat' dir='ltr'><strong><em>cf.</em></strong></span> <span class='ocrx_word' id='word_1_219' title='bbox 1171 1757 1200 1793; x_wconf 70' lang='lat' dir='ltr'><strong><em>t.</em></strong></span> <span class='ocrx_word' id='word_1_220' title='bbox 1222 1755 1272 1792; x_wconf 92' lang='lat' dir='ltr'><strong><em>VI</em></strong></span> <span class='ocrx_word' id='word_1_221' title='bbox 1291 1759 1374 1801; x_wconf 81' lang='lat'><strong>605,</strong></span> <span class='ocrx_word' id='word_1_222' title='bbox 1391 1761 1409 1792; x_wconf 87' lang='lat'>1</span> <span class='ocrx_word' id='word_1_223' title='bbox 1463 1758 1470 1804; x_wconf 78' lang='grc' dir='ltr'>Ι</span> <span class='ocrx_word' id='word_1_224' title='bbox 1515 1757 1582 1794; x_wconf 74' lang='grc' dir='ltr'><strong><em>καὶ</em></strong></span> 
     </span>
     <span class='ocr_line' id='line_1_25' title="bbox 202 1802 1582 1852; baseline 0.001 -12"><span class='ocrx_word' id='word_1_225' title='bbox 202 1802 317 1848; x_wconf 79' lang='grc' dir='ltr'><strong><em>ἔδοξα</em></strong></span> <span class='ocrx_word' id='word_1_226' title='bbox 341 1814 404 1839; x_wconf 89' lang='lat' dir='ltr'><strong><em>om</em></strong></span> <span class='ocrx_word' id='word_1_227' title='bbox 422 1803 464 1840; x_wconf 92' lang='lat' dir='ltr'><em>D</em></span> <span class='ocrx_word' id='word_1_228' title='bbox 491 1803 498 1849; x_wconf 92' lang='grc' dir='ltr'>Ι</span> <span class='ocrx_word' id='word_1_229' title='bbox 519 1802 609 1849; x_wconf 77' lang='grc' dir='ltr'><strong><em>ὑμῖν</em></strong></span> <span class='ocrx_word' id='word_1_230' title='bbox 634 1803 693 1840; x_wconf 78' lang='lat' dir='ltr'><strong><em>Be</em></strong></span> <span class='ocrx_word' id='word_1_231' title='bbox 718 1803 786 1839; x_wconf 80' lang='lat' dir='ltr'><strong><em>sed</em></strong></span> <span class='ocrx_word' id='word_1_232' title='bbox 810 1817 835 1840; x_wconf 86' lang='grc' dir='ltr'><strong><em>υ</em></strong></span> <span class='ocrx_word' id='word_1_233' title='bbox 860 1814 907 1839; x_wconf 77' lang='lat' dir='ltr'><strong><em>ex</em></strong></span> <span class='ocrx_word' id='word_1_234' title='bbox 930 1817 955 1850; x_wconf 86' lang='grc' dir='ltr'><strong>η</strong></span> <span class='ocrx_word' id='word_1_235' title='bbox 975 1814 1060 1840; x_wconf 85' lang='lat' dir='ltr'><strong>corr</strong></span> <span class='ocrx_word' id='word_1_236' title='bbox 1083 1804 1142 1840; x_wconf 72' lang='grc' dir='ltr'><strong><em>ιη’</em></strong></span> <span class='ocrx_word' id='word_1_237' title='bbox 1208 1808 1230 1840; x_wconf 92' lang='grc'>8</span> <span class='ocrx_word' id='word_1_238' title='bbox 1257 1811 1426 1851; x_wconf 75' lang='grc' dir='ltr'><strong><em>γνοῦσαν</em></strong></span> <span class='ocrx_word' id='word_1_239' title='bbox 1445 1805 1582 1852; x_wconf 77' lang='lat' dir='ltr'><strong>scripsi</strong></span> 
     </span>
     <span class='ocr_line' id='line_1_26' title="bbox 201 1851 1580 1899; baseline 0.003 -13"><span class='ocrx_word' id='word_1_240' title='bbox 201 1861 224 1887; x_wconf 81' lang='grc' dir='ltr'><strong><em>ο</em></strong></span> <span class='ocrx_word' id='word_1_241' title='bbox 248 1851 328 1888; x_wconf 89' lang='lat' dir='ltr'><strong><em>VD</em></strong></span> <span class='ocrx_word' id='word_1_242' title='bbox 365 1852 584 1898; x_wconf 80' lang='grc' dir='ltr'><strong><em>ἀγνοοῦσαν</em></strong></span> <span class='ocrx_word' id='word_1_243' title='bbox 610 1851 792 1889; x_wconf 86' lang='lat' dir='ltr'><strong><em>VaVoBe</em></strong></span> <span class='ocrx_word' id='word_1_244' title='bbox 815 1851 949 1898; x_wconf 76' lang='lat' dir='ltr'><strong>Wolf!</strong></span> <span class='ocrx_word' id='word_1_245' title='bbox 972 1852 1089 1899; x_wconf 80' lang='grc' dir='ltr'><strong><em>ἐφῶτι</em></strong></span> <span class='ocrx_word' id='word_1_246' title='bbox 1116 1854 1172 1890; x_wconf 88' lang='lat' dir='ltr'><strong><em>Va</em></strong></span> <span class='ocrx_word' id='word_1_247' title='bbox 1210 1851 1274 1898; x_wconf 79' lang='grc' dir='ltr'><strong><em>ἐφ’</em></strong></span> <span class='ocrx_word' id='word_1_248' title='bbox 1299 1851 1357 1890; x_wconf 82' lang='grc' dir='ltr'><strong><em>ὅτι</em></strong></span> <span class='ocrx_word' id='word_1_249' title='bbox 1382 1854 1440 1890; x_wconf 79' lang='lat' dir='ltr'><strong><em>Be</em></strong></span> <span class='ocrx_word' id='word_1_250' title='bbox 1460 1857 1466 1898; x_wconf 84' lang='grc' dir='ltr'>Ι</span> <span class='ocrx_word' id='word_1_251' title='bbox 1488 1853 1580 1891; x_wconf 75' lang='grc' dir='ltr'><strong><em>ἐκεί-</em></strong></span> 
     </span>
     <span class='ocr_line' id='line_1_27' title="bbox 201 1899 1581 1947; baseline 0.001 -11"><span class='ocrx_word' id='word_1_252' title='bbox 201 1912 284 1941; x_wconf 67' lang='grc' dir='ltr'><strong><em>νοις</em></strong></span> <span class='ocrx_word' id='word_1_253' title='bbox 308 1900 365 1936; x_wconf 79' lang='lat' dir='ltr'><strong><em>Be</em></strong></span> <span class='ocrx_word' id='word_1_254' title='bbox 432 1903 453 1936; x_wconf 82' lang='lat'>9</span> <span class='ocrx_word' id='word_1_255' title='bbox 480 1905 560 1936; x_wconf 86' lang='grc' dir='ltr'><strong><em>ναῶ</em></strong></span> <span class='ocrx_word' id='word_1_256' title='bbox 585 1899 627 1936; x_wconf 90' lang='lat' dir='ltr'><em>D</em></span> <span class='ocrx_word' id='word_1_257' title='bbox 710 1903 754 1936; x_wconf 89' lang='grc'><strong><em>10</em></strong></span> <span class='ocrx_word' id='word_1_258' title='bbox 780 1901 878 1938; x_wconf 81' lang='grc' dir='ltr'><strong><em>νεών</em></strong></span> <span class='ocrx_word' id='word_1_259' title='bbox 902 1901 1038 1947; x_wconf 84' lang='lat' dir='ltr'><strong>scripsi</strong></span> <span class='ocrx_word' id='word_1_260' title='bbox 1063 1912 1085 1937; x_wconf 83' lang='lat' dir='ltr'><strong>e</strong></span> <span class='ocrx_word' id='word_1_261' title='bbox 1112 1901 1251 1938; x_wconf 87' lang='lat' dir='ltr'><strong><em>VVoD</em></strong></span> <span class='ocrx_word' id='word_1_262' title='bbox 1288 1907 1380 1939; x_wconf 81' lang='grc' dir='ltr'><strong><em>νεῶ·</em></strong></span> <span class='ocrx_word' id='word_1_263' title='bbox 1413 1902 1472 1939; x_wconf 93' lang='lat' dir='ltr'><strong><em>Va</em></strong></span> <span class='ocrx_word' id='word_1_264' title='bbox 1508 1903 1581 1939; x_wconf 73' lang='grc' dir='ltr'><strong><em>νεὼ</em></strong></span> 
     </span>
     <span class='ocr_line' id='line_1_28' title="bbox 200 1947 1580 1998; baseline 0.003 -14"><span class='ocrx_word' id='word_1_265' title='bbox 200 1948 259 1984; x_wconf 77' lang='grc' dir='ltr'><strong><em>Βσ</em></strong></span> <span class='ocrx_word' id='word_1_266' title='bbox 284 1947 392 1984; x_wconf 87' lang='lat' dir='ltr'><strong>Wolf</strong></span> <span class='ocrx_word' id='word_1_267' title='bbox 486 1951 529 1984; x_wconf 88' lang='lat'><strong><em>11</em></strong></span> <span class='ocrx_word' id='word_1_268' title='bbox 556 1947 697 1994; x_wconf 78' lang='grc' dir='ltr'><strong><em>ἠμιλλῶ</em></strong></span> <span class='ocrx_word' id='word_1_269' title='bbox 724 1948 779 1985; x_wconf 91' lang='lat' dir='ltr'><strong><em>Va</em></strong></span> <span class='ocrx_word' id='word_1_270' title='bbox 790 1949 907 1986; x_wconf 83' lang='lat' dir='ltr'><strong><em>VoBe</em></strong></span> <span class='ocrx_word' id='word_1_271' title='bbox 930 1948 1039 1987; x_wconf 85' lang='lat' dir='ltr'><strong>Wolf</strong></span> <span class='ocrx_word' id='word_1_272' title='bbox 1134 1953 1179 1985; x_wconf 80' lang='lat'><strong><em>12</em></strong></span> <span class='ocrx_word' id='word_1_273' title='bbox 1211 1949 1325 1996; x_wconf 78' lang='grc' dir='ltr'><strong><em>λόγον</em></strong></span> <span class='ocrx_word' id='word_1_274' title='bbox 1354 1950 1500 1987; x_wconf 75' lang='grc' dir='ltr'><strong><em>τούτων</em></strong></span> <span class='ocrx_word' id='word_1_275' title='bbox 1531 1950 1580 1998; x_wconf 82' lang='grc' dir='ltr'><strong><em>δὴ</em></strong></span> 
     </span>
     <span class='ocr_line' id='line_1_29' title="bbox 200 1995 1533 2045; baseline 0.002 -13"><span class='ocrx_word' id='word_1_276' title='bbox 200 2001 276 2032; x_wconf 80' lang='grc' dir='ltr'><strong><em>τῶν</em></strong></span> <span class='ocrx_word' id='word_1_277' title='bbox 300 1995 436 2043; x_wconf 84' lang='lat' dir='ltr'><strong>scripsi</strong></span> <span class='ocrx_word' id='word_1_278' title='bbox 461 2006 483 2033; x_wconf 81' lang='grc' dir='ltr'><strong><em>ο</em></strong></span> <span class='ocrx_word' id='word_1_279' title='bbox 509 1996 566 2033; x_wconf 90' lang='lat' dir='ltr'><strong><em>Va</em></strong></span> <span class='ocrx_word' id='word_1_280' title='bbox 596 1997 641 2032; x_wconf 77' lang='lat' dir='ltr'><strong><em>ut</em></strong></span> <span class='ocrx_word' id='word_1_281' title='bbox 666 1996 751 2032; x_wconf 86' lang='lat' dir='ltr'><strong>coni</strong></span> <span class='ocrx_word' id='word_1_282' title='bbox 782 1996 839 2033; x_wconf 75' lang='lat' dir='ltr'><strong><em>Re</em></strong></span> <span class='ocrx_word' id='word_1_283' title='bbox 887 1996 1014 2045; x_wconf 75' lang='grc' dir='ltr'><strong><em>λόγον.</em></strong></span> <span class='ocrx_word' id='word_1_284' title='bbox 1045 2003 1183 2035; x_wconf 82' lang='grc' dir='ltr'><strong><em>τοῦτον</em></strong></span> <span class='ocrx_word' id='word_1_285' title='bbox 1214 1997 1263 2044; x_wconf 79' lang='grc' dir='ltr'><strong><em>δὴ</em></strong></span> <span class='ocrx_word' id='word_1_286' title='bbox 1294 1997 1363 2034; x_wconf 83' lang='grc' dir='ltr'><strong><em>τὸν</em></strong></span> <span class='ocrx_word' id='word_1_287' title='bbox 1390 1999 1533 2036; x_wconf 88' lang='lat' dir='ltr'><strong><em>VVoD</em></strong></span> 
     </span>
     <span class='ocr_line' id='line_1_30' title="bbox 201 2042 1581 2093; baseline 0.004 -13"><span class='ocrx_word' id='word_1_288' title='bbox 201 2042 323 2091; x_wconf 74' lang='grc' dir='ltr'><strong><em>λόγων</em></strong></span> <span class='ocrx_word' id='word_1_289' title='bbox 347 2044 492 2081; x_wconf 79' lang='grc' dir='ltr'><strong><em>τούτων</em></strong></span> <span class='ocrx_word' id='word_1_290' title='bbox 518 2043 566 2091; x_wconf 84' lang='grc' dir='ltr'><strong><em>δὴ</em></strong></span> <span class='ocrx_word' id='word_1_291' title='bbox 591 2044 659 2082; x_wconf 83' lang='grc' dir='ltr'><strong><em>τὸν</em></strong></span> <span class='ocrx_word' id='word_1_292' title='bbox 685 2045 743 2082; x_wconf 78' lang='lat' dir='ltr'><strong><em>Be</em></strong></span> <span class='ocrx_word' id='word_1_293' title='bbox 768 2044 877 2082; x_wconf 85' lang='lat' dir='ltr'><strong>Wolf</strong></span> <span class='ocrx_word' id='word_1_294' title='bbox 971 2049 1015 2082; x_wconf 80' lang='lat'><strong><em>13</em></strong></span> <span class='ocrx_word' id='word_1_295' title='bbox 1042 2045 1085 2083; x_wconf 70' lang='grc' dir='ltr'><strong><em>δὲ</em></strong></span> <span class='ocrx_word' id='word_1_296' title='bbox 1113 2047 1164 2084; x_wconf 91' lang='lat' dir='ltr'><strong><em>Vo</em></strong></span> <span class='ocrx_word' id='word_1_297' title='bbox 1189 2045 1301 2083; x_wconf 82' lang='lat' dir='ltr'><strong>Wolf</strong></span> <span class='ocrx_word' id='word_1_298' title='bbox 1317 2048 1324 2093; x_wconf 80' lang='grc' dir='ltr'>Ι</span> <span class='ocrx_word' id='word_1_299' title='bbox 1370 2045 1501 2084; x_wconf 72' lang='grc' dir='ltr'><strong><em>εἰδότα</em></strong></span> <span class='ocrx_word' id='word_1_300' title='bbox 1528 2048 1581 2085; x_wconf 86' lang='lat' dir='ltr'><strong><em>Vo</em></strong></span> 
     </span>
     <span class='ocr_line' id='line_1_31' title="bbox 203 2091 1580 2142; baseline 0.003 -14"><span class='ocrx_word' id='word_1_301' title='bbox 203 2092 270 2129; x_wconf 82' lang='lat' dir='ltr'><strong><em>sed</em></strong></span> <span class='ocrx_word' id='word_1_302' title='bbox 294 2093 335 2129; x_wconf 90' lang='lat' dir='ltr'><strong><em>in</em></strong></span> <span class='ocrx_word' id='word_1_303' title='bbox 360 2091 495 2131; x_wconf 77' lang='grc' dir='ltr'><strong><em>ἰδόντα</em></strong></span> <span class='ocrx_word' id='word_1_304' title='bbox 521 2103 605 2129; x_wconf 87' lang='lat' dir='ltr'><strong>corr</strong></span> <span class='ocrx_word' id='word_1_305' title='bbox 627 2092 685 2128; x_wconf 80' lang='lat' dir='ltr'><strong><em>m⁸</em></strong></span> <span class='ocrx_word' id='word_1_306' title='bbox 779 2097 824 2130; x_wconf 77' lang='lat'><strong><em>14</em></strong></span> <span class='ocrx_word' id='word_1_307' title='bbox 850 2093 891 2130; x_wconf 84' lang='grc' dir='ltr'><strong><em>ἓν</em></strong></span> <span class='ocrx_word' id='word_1_308' title='bbox 917 2092 986 2140; x_wconf 67' lang='grc' dir='ltr'><strong><em>μὲν</em></strong></span> <span class='ocrx_word' id='word_1_309' title='bbox 1010 2093 1195 2142; x_wconf 72' lang='grc' dir='ltr'><strong><em>ἠδίκηκεν</em></strong></span> <span class='ocrx_word' id='word_1_310' title='bbox 1220 2095 1262 2132; x_wconf 89' lang='lat' dir='ltr'><em>D</em></span> <span class='ocrx_word' id='word_1_311' title='bbox 1350 2099 1394 2131; x_wconf 82' lang='lat'><strong><em>15</em></strong></span> <span class='ocrx_word' id='word_1_312' title='bbox 1420 2095 1463 2132; x_wconf 82' lang='grc' dir='ltr'><strong><em>τὸ</em></strong></span> <span class='ocrx_word' id='word_1_313' title='bbox 1489 2097 1580 2132; x_wconf 74' lang='lat' dir='ltr'><strong><em>anto</em></strong></span> 
     </span>
     <span class='ocr_line' id='line_1_32' title="bbox 199 2140 986 2188; baseline 0.003 -11"><span class='ocrx_word' id='word_1_314' title='bbox 199 2141 375 2178; x_wconf 80' lang='grc' dir='ltr'><strong><em>τοιοῦτόν</em></strong></span> <span class='ocrx_word' id='word_1_315' title='bbox 400 2142 458 2179; x_wconf 81' lang='lat' dir='ltr'><strong><em>Be</em></strong></span> <span class='ocrx_word' id='word_1_316' title='bbox 482 2140 591 2177; x_wconf 84' lang='lat' dir='ltr'><strong>Wolf</strong></span> <span class='ocrx_word' id='word_1_317' title='bbox 629 2140 754 2178; x_wconf 79' lang='lat' dir='ltr'><strong>delevi</strong></span> <span class='ocrx_word' id='word_1_318' title='bbox 775 2143 781 2188; x_wconf 86' lang='grc' dir='ltr'>Ι</span> <span class='ocrx_word' id='word_1_319' title='bbox 803 2143 904 2180; x_wconf 71' lang='grc' dir='ltr'><strong><em>ἐστὶν</em></strong></span> <span class='ocrx_word' id='word_1_320' title='bbox 931 2143 986 2179; x_wconf 91' lang='lat' dir='ltr'><strong><em>Va</em></strong></span> 
     </span>
    </p>
   </div>
  </div>
 </body>
</html>
