1806 2964
627 222 898 261 EPISTULAE
927 226 1115 259 167—1‘11
1201 207 1204 210 ’
1472 222 1557 266 159

816 333 919 392 ρξθ’.
1485 343 1535 379 W
1561 346 1630 380 16⁹

578 418 881 480 Ἀνδρονίκῳ.
922 431 1154 476 (358-361)

249 512 286 552 1.
316 509 372 550 Οἱ
390 507 480 563 περὶ
504 508 574 550 τὸν
599 506 816 549 Μόδεστον
841 514 1073 563 στρατιῶται
1097 506 1248 557 πολλάς
1272 522 1340 560 μοι
1362 506 1558 548 δεδώκασι

182 574 364 631 χάριτας,
388 573 485 616 ἀντῖ
503 573 546 616 δὲ
571 577 730 616 πολλῶν
754 574 911 616 αἰτοῦσι
935 574 1052 628 μίαν,
1082 571 1137 627 ἣν
1162 572 1231 614 διὰ
1254 579 1328 615 σοῦ
1354 573 1558 627 δυναίμην

182 640 236 683 ἂν
260 642 418 683 δοῦναι.
455 641 593 683 σκόπει
617 641 778 694 τοίνυν,
808 640 850 681 εἴ
873 651 939 682 σοι
961 642 1091 689 καλῶς
1114 639 1192 694 ἔχει
1215 640 1351 681 δοκεῖν
1376 637 1482 693 ἡμᾶς
1512 633 1558 681 εὖ
1594 653 1612 681 6

181 707 256 762 μὲν
286 707 451 762 πάσχειν
481 706 656 761 ἐθέλειν,
690 706 931 761 ἀμείβεσθαι
962 705 1006 748 δὲ
1031 706 1107 748 οὐκ
1131 706 1245 761 ἔχειν.
1291 709 1330 747 2.
1356 705 1437 748 ἔστι
1462 705 1505 747 δὲ
1530 703 1557 760 ἡ

180 775 294 831 χάρις
319 774 374 829 μὴ
399 774 545 829 πικρόν
570 787 613 815 σε
636 772 826 829 γενέσθαι
844 773 1025 831 Λεοντίῳ
1051 772 1143 828 περὶ
1165 772 1241 827 τὴν
1264 773 1479 827 βοήθειαν,
1504 770 1558 826 ἣν

182 841 294 898 αὐτῷ
319 840 445 882 πολλά
469 856 509 881 τε
534 838 634 881 ἅλλα
658 839 771 895 φέρει
795 839 863 881 καὶ
887 838 1077 894 βασιλέως
1102 839 1299 893 ἐπιστολή.

832 995 903 1053 ρο’.
1483 1004 1533 1040 W
1561 1008 1631 1041 1⁷0

652 1084 885 1141 Κυρίλλῳ.
926 1089 1093 1140 (359160)
1577 1096 1612 1124 ιο

246 1171 284 1209 1.
315 1169 456 1210 Δεῖταί
474 1181 548 1210 σου
569 1165 624 1209 δι’
639 1166 757 1222 ἡμῶν
782 1167 984 1222 Ζηνόβιος
1009 1166 1108 1222 ὑπὲρ
1127 1173 1199 1208 τοῦ
1221 1166 1382 1222 πατρός.
1412 1167 1494 1210 ἔστι
1513 1166 1557 1208 δὲ

183 1233 205 1277 ὅ
230 1233 305 1290 μὲν
328 1235 459 1290 πατὴρ
484 1234 528 1277 ἐν
549 1230 742 1292 Ἐλούσῃ,
766 1229 863 1288 παρ’
885 1231 985 1287 ἡμῖν
1011 1233 1053 1275 δὲ
1077 1233 1098 1275 ὃ
1115 1234 1326 1283 νεανίσκος
1343 1233 1557 1290 πρόθυμός

181 1317 222 1344 τε
247 1299 338 1357 περὶ
361 1301 457 1350 τοὺς
482 1301 629 1354 φίλους
653 1300 721 1342 καὶ
745 1301 912 1356 χαλεπὸς
936 1299 1109 1355 ἐχθροῖς.
1146 1306 1218 1342 τοῦ
1244 1298 1287 1341 δὲ
1306 1300 1413 1359 αὐτῷ
1429 1303 1555 1354 μετεῖ-

183 1383 252 1410 ναι
281 1367 466 1417 παιδείας
497 1367 594 1409 ἔστω
627 1379 691 1409 σοι
717 1372 883 1422 σημεῖον
915 1365 940 1420 ἡ
972 1367 1063 1422 περὶ
1093 1366 1188 1417 τοὺς
1211 1366 1354 1422 γονέας
1378 1368 1556 1421 φροντίς.

184 1438 223 1475 2.
249 1433 302 1475 ἂν
326 1432 400 1487 μὲν
424 1427 500 1476 οὖν
524 1433 766 1484 ἐπελθόντος
790 1433 988 1492 ἀκούσῃς,
1014 1429 1069 1475 δι’
1091 1433 1214 1475 αὐτὸν
1239 1433 1309 1475 τὸν
1333 1432 1481 1488 πατέρα
1499 1449 1557 1475 τι·
1578 1446 1611 1475 1⁸

183 1501 344 1555 μήσεις·
376 1498 451 1550 ἕως
484 1498 527 1542 δὲ
553 1498 690 1542 ἄπεστι
715 1500 815 1542 κατὰ
839 1501 934 1551 τοὺς
958 1500 1124 1556 λόγους,
1149 1499 1237 1554 ἐμοὶ
1261 1500 1412 1554 ταύτην
1437 1500 1556 1542 δίδου

182 1566 258 1621 τὴν
282 1567 409 1623 χάριν.

818 1680 893 1719 ροα
907 1697 915 1705 .
1484 1670 1534 1707 W
1561 1673 1628 1706 171

661 1749 867 1802 Ζήνωνι.
909 1757 1079 1806 (359s60)

250 1837 287 1875 1.
319 1837 463 1884 Καλῶς
493 1838 621 1884 ποιεῖς
652 1835 774 1887 φίλον
803 1833 844 1876 τέ
874 1849 922 1888 με
955 1834 1127 1888 νομίζων
1151 1833 1219 1875 καὶ
1243 1832 1498 1888 ἐπιστέλλων,
1523 1834 1559 1875 εἰ
1576 1847 1612 1874 ιο

186 1900 254 1942 καὶ
278 1901 399 1955 μήπω
425 1901 703 1954 συνεμίξαμεν,
734 1899 819 1942 ἐπεὶ
841 1899 910 1941 καὶ
935 1900 1055 1949 αὐτὸς
1079 1900 1202 1941 πάλαι
1226 1899 1267 1941 τέ
1291 1912 1334 1941 σε
1359 1904 1464 1953 φιλῶ
1490 1899 1558 1941 διὰ

262 2046 280 2078 1
316 2043 383 2083 Vn
406 2041 454 2085 α’,
482 2041 551 2088 ρν’.
585 2043 642 2079 Va
666 2041 702 2090 β’
704 2069 714 2086 ,
740 2041 807 2088 oy'.
842 2042 894 2078 Vo
918 2040 966 2090 β’,
993 2041 1050 2089 oy'
1150 2045 1171 2077 9
1206 2042 1275 2082 Vn
1297 2041 1347 2088 α’,
1373 2041 1468 2087 ρνα’.
1502 2042 1559 2079 Va

187 2089 235 2139 β’,
262 2089 332 2128 οὔ.
365 2092 418 2128 Vo
443 2090 490 2139 β’,
516 2089 575 2127 οδ’
664 2094 708 2127 18
742 2091 810 2130 Vn
833 2089 882 2134 α’,
909 2089 1001 2138 ρνβ’.
1036 2091 1092 2128 Va
1116 2089 1167 2138 β’,
1194 2089 1257 2127 οε’.
1291 2090 1344 2127 Vo
1369 2089 1402 2138 β’
1405 2117 1418 2135 ,
1443 2090 1494 2127 ου’

261 2202 282 2235 2
309 2199 456 2236 Sievers
482 2202 528 2236 83
553 2200 631 2236 not.
653 2203 698 2236 76
725 2200 765 2236 et
791 2203 847 2236 78.
873 2198 992 2236 Seeck
1019 2202 1076 2235 73.
1102 2202 1183 2236 867.
1219 2198 1387 2236 Silomon
1413 2201 1460 2236 86

188 2250 211 2283 3
236 2246 355 2284 Seeck
381 2251 451 2283 218
532 2251 552 2283 7
580 2247 700 2285 Seeck
727 2251 795 2284 196
877 2250 922 2284 10
949 2246 1068 2284 Seeck
1095 2251 1175 2284 112.
1202 2250 1272 2284 867
1366 2251 1409 2284 11
1437 2246 1556 2284 Seeck

188 2297 258 2332 ⁸16
334 2298 378 2332 19
404 2295 523 2333 Seeck
548 2299 629 2333 315.
655 2299 736 2333 86⁵1.
764 2295 933 2332 Silomon
958 2299 1003 2332 36

261 2419 283 2452 8
308 2416 374 2453 καὶ
399 2419 487 2454 ante
521 2416 615 2453 ἄλλα
649 2418 744 2454 VVa
753 2418 804 2454 Vo
835 2416 903 2453 sed
933 2417 974 2452 in
999 2416 1071 2453 hoo
1102 2416 1165 2453 del
1195 2416 1253 2452 m⁴
1289 2444 1301 2459 .
1328 2420 1372 2454 1⁶
1397 2417 1557 2454 διαυτὸν

188 2464 275 2549 ἔτή
290 2461 484 2549 «ξέοῗΐρτοῦ
512 2465 566 2501 Re
591 2465 670 2501 Nost.
694 2465 791 2512 (cod.
812 2465 919 2501 Bodl.
938 2463 1095 2502 Dorvill.
1116 2465 1159 2502 X.
1180 2465 1207 2501 Ι.
1228 2469 1262 2502 4.
1283 2467 1342 2512 27)
1371 2468 1377 2515 Ι
1404 2465 1558 2512 τιμήσῃς
