1806 2964
274 234 362 276 644
856 232 1039 268 LIBANII

274 343 420 393 αὐτοὺς
446 345 722 395 παιδεύσουσι,
747 343 879 398 λόγοις
902 344 1112 396 κρίνεσθαι
1134 343 1201 385 καὶ
1226 343 1281 396 μὴ
1307 343 1454 392 ὅπλοις.
1487 346 1524 383 3.
1549 350 1626 384 νῦν

276 406 312 450 δ’
341 407 439 463 ἡμῖν
473 410 708 463 στρατιώτας
742 408 829 449 ἀντὶ
862 408 1043 463 ῥητόρων
1075 408 1324 462 έκκροτοῦσι,
1358 408 1425 449 καὶ
1457 408 1627 458 πολλοὺς

276 472 384 517 εἶδον
408 475 529 524 οὐλὰς
554 475 789 528 ένηνοχότας
813 473 892 515 ἀπὸ
923 480 1002 514 τῶν
1033 473 1076 515 ἐν
1100 475 1261 530 Λυκείῳ
1286 474 1531 528 τραυμάτων.
1570 469 1627 515 ὧν

277 542 370 590 ἴσως
395 540 467 594 μὲν
492 541 566 581 οὐκ
591 540 642 581 ἂν
667 539 816 594 ἐγένετο
839 539 1034 591 Τιτιανός,
1059 539 1139 580 ἔστι
1164 538 1206 580 δὲ
1233 539 1327 581 οὐδὲ
1352 539 1628 592 συμφοιτητὴν

240 619 257 646 ⁶
276 614 355 647 τῶν
380 606 426 647 τὰ
451 613 614 647 τοιαῦτα
638 605 900 660 λογιζομένων
924 605 1037 653 δόξαι
1062 605 1196 645 καλόν.
1228 608 1266 645 4.
1291 604 1528 659 ἀμφοτέροις
1554 599 1628 646 οὗν

277 672 364 712 ἴσθι
389 671 675 725 βεβοηθηκώς,
701 671 766 711 καὶ
791 670 878 723 ἐμοὶ
902 669 969 711 καὶ
995 670 1174 719 ἐκείνοις·
1201 669 1288 723 ἐμοὶ
1314 669 1386 723 μὲν
1411 670 1485 711 οὐκ
1509 670 1626 719 ἐάσας

275 739 394 778 ἄλλον
421 742 502 785 τοῖς
514 736 631 789 ’ἐμοῖς
649 740 907 789 κοσμηθῆναι
925 735 1082 784 πόνοις·
1108 734 1272 784 ἐκείνοις
1292 734 1333 776 δὲ
1353 740 1406 793 τῷ
1426 735 1480 788 μὴ
1500 736 1628 776 πολὺν

276 803 412 851 αὐτοῖς
431 802 693 855 ἀναλωθῆναι
711 802 859 855 χρόνον
875 802 969 850 ἴσως
988 800 1086 855 ὑπὲρ
1107 807 1274 855 μικρῶν·
1296 802 1398 842 οὕτω
1417 800 1491 855 γὰρ
1504 801 1629 842 εἰπεῖν

277 868 441 920 βέλτιον.
477 870 515 908 5.
540 869 714 919 πρόσθες
740 867 790 919 δὴ
816 870 868 922 τῷ
888 866 960 918 τὴν
987 864 1083 906 ὁδὸν
1108 865 1263 918 ἐκείνην
1289 867 1463 908 κωλύσαι
1487 866 1530 907 τὸ
1555 865 1629 919 τὴν

226 945 260 972 ιο
278 932 332 982 ὡς
364 932 470 986 ἡμᾶς
501 932 659 982 ἐπεῖξαι.
701 931 874 987 ἐρχέσθω
907 930 968 984 δέ,
1000 931 1037 972 εἰ
1066 930 1138 984 μὲν
1163 932 1369 985 βούλεται,
1400 931 1629 986 προσληψό-

277 1014 396 1051 μενος
421 998 565 1052 λόγων·
591 999 628 1039 εἰ
650 997 693 1039 δὲ
718 996 859 1050 ἐθέλει,
884 997 1125 1052 χρησόμενος
1151 994 1211 1046 οἷς
1235 996 1321 1050 ἔχει.
1358 997 1517 1050 πάντως
1542 996 1564 1038 ὅ
1587 1012 1630 1051 γε

278 1063 410 1119 ἅρχων
447 1064 556 1119 πάσῃ
595 1063 743 1112 δέξεται
779 1063 848 1104 τὸν
880 1063 1088 1103 νεανίσκον
1119 1062 1267 1118 εὐνοίᾳ.
1312 1063 1631 1116 σωφρονούντων

280 1130 335 1181 δέ,
362 1126 486 1183 οἶμαι,
512 1134 768 1182 καρποῦσθαι
792 1128 944 1183 καιρόν.
977 1130 1015 1168 6.
1041 1128 1192 1169 τούτων
1211 1126 1283 1181 μὲν
1302 1123 1376 1168 οὖν
1397 1128 1470 1169 οὐκ
1488 1126 1630 1180 ἀμελή-
1654 1147 1656 1149 ·

281 1207 382 1246 σεις,
415 1194 483 1235 τὸν
516 1193 557 1235 δὲ
586 1190 842 1247 Ἀλέξανδρον
874 1191 971 1246 ἡμῖν
1003 1192 1217 1235 ἀπάλλαττε
1249 1194 1395 1246 δεσμοῦ
1430 1193 1630 1247 δευτέρου·

228 1272 262 1299 η
280 1259 375 1314 πρὶν
407 1260 482 1315 γὰρ
513 1259 759 1301 ἀναπνεῦσαι
790 1258 959 1308 πιέζεται
989 1258 1056 1299 καὶ
1082 1265 1187 1311 κῦμα
1212 1259 1255 1300 τὸ
1281 1256 1353 1311 μὲν
1379 1257 1631 1312 διαπέφευγε,

280 1330 333 1383 τῷ
364 1325 406 1367 δὲ
442 1326 611 1366 παλαίει.
664 1324 706 1366 τὸ
737 1326 874 1379 γάρτοι
910 1324 1185 1379 προεισφέρειν
1220 1324 1290 1366 τὸν
1319 1327 1552 1376 τηλικοῦτον
1583 1324 1632 1365 οὐ

279 1392 383 1432 πολὺ
423 1391 670 1445 κουφότερον
706 1397 777 1444 τῆς
813 1389 902 1445 περὶ
938 1390 980 1431 τὸ
1018 1390 1154 1431 κοινὸν
1191 1391 1402 1443 βαλανεῖον
1439 1390 1632 1442 δαπάνης.

283 1460 321 1498 7.
346 1463 466 1498 ποιοῦ
492 1456 543 1508 δὴ
570 1456 642 1509 τὴν
667 1456 865 1509 βοήθειαν
884 1455 951 1496 διὰ
970 1456 1132 1497 πάντων
1150 1454 1217 1496 καὶ
1237 1454 1362 1508 μηδὲν
1381 1461 1460 1495 τῶν
1478 1454 1633 1496 ἐκεῖθεν

281 1522 495 1577 ταραττέτω
520 1523 590 1563 τὸν
615 1521 717 1563 νέον.
1570 1510 1574 1515 ⁴

354 1653 376 1685 2
402 1649 449 1685 of.
468 1649 518 1684 ad
542 1651 579 1689 t„
589 1647 622 1683 11
642 1651 781 1692 859‚22
855 1651 877 1682 4
903 1647 949 1684 cf.
971 1658 1027 1692 ep.
1049 1651 1130 1683 631.
1156 1646 1272 1683 Seeck
1297 1651 1343 1684 43

359 1773 376 1803 1
403 1769 534 1810 αὐτοῖς
550 1769 628 1805 Ath
648 1770 654 1814 Ι
676 1767 942 1805 παιδεύσουσιν
958 1768 1012 1804 Va
1048 1766 1270 1803 παιδεύουσι
1280 1766 1356 1802 Ath
1404 1769 1425 1801 2
1451 1766 1499 1812 δὴ
1509 1765 1616 1802 Wolf
1627 1767 1631 1814 Ι

285 1816 525 1860 ἐκκροτοῦσιν
551 1817 608 1851 Va
681 1820 702 1851 3
729 1813 950 1862 ἐνηνοχυίας
974 1815 1050 1851 Ath
1075 1814 1140 1850 sod
1166 1827 1209 1860 γρ
1230 1813 1454 1861 ἐνηνοχότας
1471 1813 1512 1849 in
1530 1825 1636 1861 marg

283 1864 342 1899 m'
362 1866 368 1907 Ι
390 1862 614 1909 τραμμάτων
639 1863 715 1899 Ath
775 1867 797 1898 4
822 1861 960 1900 τιτινὸς
985 1863 1041 1899 Va
1077 1875 1113 1898 τι
1137 1862 1238 1902 τινὸς
1264 1862 1316 1898 Vo
1377 1865 1398 1896 5
1423 1859 1470 1897 τὰ
1495 1860 1636 1897 inserui

285 1922 304 1947 e
333 1911 483 1948 MoAth
526 1922 587 1947 om
614 1911 804 1947 VVaVoS
811 1911 850 1946 D
877 1909 982 1946 Wolf
1015 1911 1022 1955 Ι
1060 1911 1219 1946 παιδευο
1249 1907 1344 1945 ένων
1370 1910 1408 1945 D
1445 1908 1635 1955 κομιζομέ-

284 1972 360 1995 νων
386 1958 471 1995 coni
497 1959 549 1994 Ro
624 1962 643 1994 ’1
671 1957 782 1994 ἄλλον
805 1957 939 2004 scripsi
963 1968 984 1993 e
1010 1956 1200 1994 VVaVoS
1251 1957 1326 1993 Aa»
1350 1958 1394 1992 ut
1418 1956 1504 1992 coni
1530 1956 1583 1992 Re

285 2006 410 2048 ἄλλοις
436 2006 503 2043 Μο
528 2005 636 2042 Wolf
657 2005 723 2042 sed
748 2017 829 2042 oon·
853 2005 938 2041 Add
962 2008 1032 2042 863
1072 2007 1078 2051 Ι
1111 2007 1162 2053 τῷ
1187 2003 1320 2050 scripsi
1338 2004 1379 2040 τὸ
1406 2004 1560 2040 VVaVo
1570 2005 1637 2040 Mo

285 2055 394 2091 SAth
419 2053 527 2090 Wolf
551 2059 618 2090 τοῦ
644 2054 684 2090 D
757 2056 778 2088 8
804 2059 938 2100 μικροῦ
963 2053 1004 2090 D
1087 2056 1107 2087 9
1133 2051 1176 2088 δὲ
1203 2053 1272 2089 Mo
1310 2054 1316 2096 Ι
1355 2053 1517 2087 κωλῦσαι
1543 2052 1638 2088 VVa

285 2101 446 2138 fortasse
464 2103 567 2138 recte
586 2103 626 2137 ab
645 2101 689 2137 cf.
710 2101 758 2136 ad
808 2129 814 2135 .
835 2104 915 2144 400,
932 2105 973 2136 11
1028 2104 1071 2136 10
1091 2100 1275 2144 ἐπιδεῖξαι
1294 2100 1364 2135 Mo
1385 2101 1391 2145 Ι
1412 2097 1456 2135 δέ
1479 2109 1541 2135 om
1569 2100 1637 2135 Mo

286 2150 352 2186 sed
377 2148 506 2186 τοίνυν
530 2149 632 2185 inser
655 2148 737 2194 111²!
759 2113 828 2194 53¹²
853 2159 913 2185 om
938 2150 979 2185 D
1000 2150 1006 2193 Ι
1027 2147 1312 2194 προληψόμενος
1336 2147 1376 2183 Β
1449 2150 1492 2182 11
1518 2144 1638 2192 λόγων

285 2197 421 2243 scripsi
439 2208 460 2232 e
488 2198 543 2233 Va
567 2197 611 2232 ut
636 2196 721 2233 coni
746 2196 800 2232 Re
842 2194 955 2242 λόγον
981 2195 1235 2232 VVoSDAth
1265 2193 1373 2230 Wolf
1411 2193 1544 2256 26y⁰ve
1570 2195 1639 2231 Μο

286 2245 353 2281 sed
379 2258 444 2286 ους
469 2255 551 2280 corr
574 2243 632 2279 m’
704 2247 748 2280 13
774 2243 908 2288 καιρόν
933 2255 995 2280 om
1019 2243 1092 2280 SD
1113 2246 1119 2287 1
1140 2248 1274 2279 τοῦτον
1301 2243 1356 2279 Va
1377 2243 1383 2288 Ι
1416 2255 1486 2278 ουν
1510 2252 1571 2277 om
1597 2242 1638 2277 D

337 2296 380 2328 14
407 2290 600 2339 δευτέρου]
625 2290 837 2338 βαρυτάτου
863 2292 939 2328 Aah
962 2302 1052 2327 num
1077 2289 1254 2335 δευτέρου
1281 2290 1306 2336 <
1333 2288 1572 2338 αρυτάτου>ῗ

289 2344 332 2375 15
358 2339 596 2376 ἀναινεύσαι
621 2340 676 2376 Va
721 2341 727 2385 Ι
766 2337 931 2386 βιάζεται
955 2339 1028 2374 Ath
1072 2339 1078 2384 Ι
1120 2341 1173 2386 τῷ
1199 2338 1235 2374 V
1253 2348 1293 2373 se
1345 2339 1374 2386 ᾧ
1394 2348 1476 2374 corr
1499 2336 1556 2373 ιιι·

290 2390 332 2423 16
352 2390 553 2434 τηλικαῦτα
582 2388 620 2423 Β
699 2391 742 2422 17
769 2386 823 2428 εἰς
846 2386 886 2422 Β
967 2389 1011 2421 1⁹
1035 2383 1224 2430 πραττέτω
1249 2385 1325 2422 Ath
