1806 2964
647 232 919 270 EP1STULAE
946 234 1137 269 284—286
1201 224 1203 226 ’
1450 227 1535 271 271

801 344 901 394 σπς’.
1466 349 1516 384 W
1541 351 1613 387 28⁹

635 420 903 478 Παλλαδίῳ.
938 421 1073 466 (3613)

228 511 266 548 1.
297 505 376 555 Τὰς
411 504 565 561 μακρὰς
599 504 745 553 ταύτας
778 503 847 545 καὶ
879 502 1030 552 πολλὰς
1066 501 1286 557 ἀπολογίας
1316 501 1427 556 τήρει
1457 504 1541 548 τοῖς

163 570 426 627 βουλομένοις
456 574 702 626 κατηγορεῖν.
741 569 818 625 ἐγὼ
853 569 897 611 δέ
928 582 989 611 σοι
1022 569 1174 625 μάρτυς
1204 567 1364 621 ἁπάσης
1395 566 1538 621 ἀρετῆς

163 644 236 692 τῆς
259 652 299 679 τε
324 636 368 678 ἐν
393 641 476 687 τοῖς
500 635 622 690 ἤθεσι
646 636 716 678 καὶ
742 636 818 690 ὅση
847 635 948 679 κατὰ
979 636 1074 686 τοὺς
1104 634 1260 690 λόγους.
1312 637 1350 677 2.
1376 633 1478 689 πρός
1501 648 1541 673 τε
1578 644 1595 672 ε

166 699 242 746 οὖν
266 703 390 745 αὐτὸν
417 702 571 745 ἐκεῖνον
601 703 672 745 τὸν
702 703 951 758 πειρώμενον
981 702 1180 750 ἐξαπατᾶν
1211 696 1269 742 ὧν
1300 700 1420 750 αὐτὸς
1445 700 1542 755 γρά-

168 786 260 824 φεις
283 770 405 811 πλείω
432 771 620 824 διῆλθον,
646 769 695 811 οὐ
720 769 796 824 γὰρ
822 769 874 823 δὴ
899 769 1046 810 καλλίω
1066 783 1124 823 γε,
1148 767 1217 809 καὶ
1235 767 1337 821 πρὸς
1355 767 1427 809 τὸν
1445 765 1543 821 ἀγα-

166 836 249 878 θὸν
273 835 423 892 ἄνδρα,
447 836 517 878 τὸν
548 836 646 890 ἐμόν
676 851 716 877 τε
748 837 870 888 φίλον
902 834 970 877 καὶ
1001 835 1094 888 σόν,
1125 834 1224 877 αὐτό
1255 849 1295 876 τε
1326 840 1444 875 τοῦτο
1475 831 1544 873 καὶ

168 903 373 957 μαθητήν,
393 902 522 952 εὐθὺς
540 902 705 956 ὤμνυον
731 900 858 956 μηδὲν
876 902 1030 943 τούτων
1055 897 1159 942 εἶναι
1177 901 1265 954 σόν,
1291 899 1389 941 ἀλλὰ
1412 899 1543 940 πάντα

167 975 238 1023 τῆς
269 975 341 1010 τοῦ
376 967 559 1024 λέγοντος
596 969 812 1022 φλυαρίας·
851 968 956 1009 οὕτω
992 967 1069 1022 γὰρ
1106 965 1297 1022 ἡγεῖσθαι
1327 965 1483 1021 βέλτιον
1514 963 1541 1019 ἢ
1563 976 1600 1005 ιο,

166 1035 377 1090 πονηρίας.
425 1030 529 1076 ὥσθ’
560 1034 583 1075 ὅ
619 1050 662 1090 γε
687 1030 856 1089 Ἱλάριος
886 1035 1016 1075 καίτοι
1053 1035 1144 1075 λίαν
1181 1033 1315 1088 ἀλγῶν
1354 1032 1419 1074 ἐπὶ
1461 1034 1545 1081 τοῖς

169 1097 266 1156 παρ’
289 1100 445 1143 ἐκείνου
470 1104 620 1155 μᾶλλον
643 1101 762 1154 ἥδετο
788 1105 842 1158 τῷ
868 1100 924 1155 μὴ
949 1101 1210 1155 κρατηθῆναί
1238 1115 1316 1153 μου
1342 1098 1416 1152 τὴν
1441 1098 1539 1154 γνώ-

169 1184 251 1222 μην
277 1167 357 1210 ’ὑπὸ
383 1174 463 1209 τῶν
489 1168 690 1221 διαβολῶν
714 1166 742 1222 ἢ
767 1171 822 1225 τῷ
846 1166 1039 1222 γενέσθαι
1062 1166 1132 1217 τὰς
1164 1166 1355 1221 διαβολὰς
1380 1164 1545 1219 ἠθύμει.

172 1236 210 1276 3.
238 1232 345 1290 δρῶν
371 1232 414 1275 δὲ
439 1233 563 1275 αὐτὸν
588 1233 656 1275 καὶ
674 1241 798 1275 ταῦτα
816 1234 874 1284 εἰς
892 1234 1062 1275 ἔπαινον
1080 1232 1241 1289 ἄγοντα,
1261 1228 1292 1274 ὦ
1318 1232 1546 1287 βέλτιστε,

170 1299 298 1353 ἔφην,
334 1298 447 1341 οὐδὲ
480 1300 750 1356 Σωκράτην
781 1299 936 1355 ἄνδρα
973 1304 1115 1341 θεῖον
1156 1298 1429 1354 ἡγούμενος
1465 1296 1544 1338 καὶ
1564 1308 1601 1336 ιε

170 1369 399 1408 πλεῖστον
433 1365 633 1420 ἀπέχειν
672 1361 736 1407 ὧν
777 1365 993 1408 ἐνεκάλει
1027 1365 1253 1420 Μέλητος
1291 1359 1542 1417 ἀξιώσαιμ’

171 1431 229 1473 ἂν
254 1430 582 1473 ἐπαινεῖσθαι.
614 1430 726 1474 οὐδὲ
751 1433 861 1488 γάρ,
886 1433 934 1474 εἴ
951 1432 1006 1486 μέ
1030 1448 1114 1474 του
1146 1434 1342 1474 πείθειν
1368 1430 1546 1485 ἐπιχει-

172 1504 375 1554 ροῦντος
400 1499 606 1548 σκότους
631 1499 793 1541 αἴτιον
824 1495 951 1540 εἶναι
981 1499 1064 1541 τὸν
1095 1499 1238 1553 ἥλιον
1273 1498 1335 1553 μὴ
1366 1497 1547 1552 ὑπηγό-

173 1581 287 1619 μην,
313 1564 509 1614 εἰκότως
534 1563 592 1605 ἂν
617 1565 822 1607 ἐδόκουν
846 1572 938 1607 τῶν
963 1565 1079 1607 ἔπτὰ
1105 1566 1399 1622 σοφώτερος.
1439 1567 1477 1605 4.
1498 1563 1548 1606 οὐ

173 1632 313 1673 τοίνυν
339 1630 434 1673 οὐδὲ
458 1639 575 1672 τοῦτο
605 1632 794 1686 πάμμεγα
823 1632 867 1674 τὸ
899 1631 956 1686 μὴ
987 1639 1059 1686 τῆς
1090 1639 1165 1686 σῆς
1194 1629 1298 1675 εἶναι
1327 1638 1549 1688 πεισθῆναι
1567 1640 1606 1669 Ἀ

174 1703 331 1752 ψυχῆς,
361 1697 388 1739 ἃ
419 1697 563 1751 μηδενὶ
594 1698 697 1756 λόγῳ
722 1705 794 1752 τῆς
825 1705 899 1752 σῆς
937 1695 1041 1740 εἶναι
1078 1697 1268 1753 ἠδύνατο.
1306 1707 1462 1742 παῦσαι
1496 1702 1546 1755 δὴ

177 1771 257 1806 τῶν
295 1765 487 1806 τοιούτων
522 1764 739 1806 ἐπιστολῶν
773 1764 800 1819 ἢ
835 1765 954 1818 φήσω
989 1778 1033 1807 σε
1072 1765 1248 1821 ὑβρίζειν
1282 1767 1467 1821 οἶόμενόν
1503 1783 1549 1821 με

176 1830 325 1880 παντὸς
348 1827 452 1872 εἶναι
475 1837 548 1872 τοῦ
572 1832 920 1885 βλασφημοῦντος.

253 1942 270 1971 1
310 1937 368 1973 Vn
395 1936 445 1980 α’,
470 1933 559 1982 agri.
595 1936 651 1973 Va
675 1935 722 1983 γ’,
747 1935 823 1973 πδ’.
859 1937 910 1974 7ο
934 1937 981 1984 γ’,
1007 1936 1074 1974 πεδ’

252 2036 272 2067 2
300 2031 418 2068 Seeck
444 2035 527 2069 228.
553 2036 634 2069 377.
662 2032 831 2070 Silomon
856 2037 902 2070 47
978 2037 1000 2070 8
1026 2033 1216 2070 Hilarium
1243 2034 1290 2072 ef.
1312 2034 1431 2072 Seeck
1458 2039 1528 2072 178

253 2132 275 2163 8
301 2129 367 2165 σὸν
393 2126 511 2165 αὐτόν
534 2142 574 2166 τε
598 2134 709 2167 τοῦτο
735 2129 791 2166 Re
877 2134 898 2166 9
925 2131 1044 2178 μηδὲν
1067 2131 1212 2169 τούτων
1246 2131 1382 2179 scripsi
1407 2144 1428 2169 ο
1454 2134 1491 2169 V
1509 2133 1555 2168 ut

181 2176 267 2213 coni
297 2176 354 2213 Re
398 2176 448 2223 μὴ
480 2176 523 2214 δὲ
554 2183 690 2214 τοῦτον
716 2179 772 2215 Va
782 2179 835 2215 70
864 2178 972 2215 Wolf
1066 2183 1111 2216 12
1143 2180 1373 2225 παρεκείνου
1401 2181 1458 2218 Va

184 2228 227 2259 16
259 2227 434 2261 πλεῖστον
466 2225 610 2262 inserui
642 2237 663 2262 e
694 2226 803 2263 libris
853 2238 915 2263 om
948 2226 1058 2264 Wolf
1085 2227 1152 2264 sed
1182 2229 1285 2265 inser
1315 2229 1402 2265 Add
1428 2232 1497 2266 861
1545 2229 1551 2278 Ι

182 2271 355 2319 Μέλητος
379 2273 513 2321 scripsi
539 2273 684 2321 μέλιτος
707 2274 798 2311 libri
822 2274 933 2311 Wolf
953 2275 1000 2313 cf.
1020 2278 1048 2312 t.
1068 2275 1104 2312 V
1125 2280 1180 2321 14,
1203 2280 1269 2322 1¹3
1296 2281 1353 2320 80,
1375 2281 1414 2323 83
1441 2281 1499 2323 31,
1514 2281 1555 2323 ὅς

183 2323 294 2366 ³2,2;
327 2324 442 2366 ειυς
473 2326 531 2364 97,
556 2326 619 2367 ως
653 2326 794 2368 107,6;
834 2327 916 2369 108,
939 2327 979 2367 4:
1014 2328 1178 2369 115,19;
1213 2328 1294 2370 130,
1316 2329 1379 2371 133
1419 2329 1555 2371 131‚6;

184 2372 266 2414 141,
282 2372 326 2405 10
378 2373 420 2405 17
448 2368 538 2407 οὐδὲ
565 2370 701 2418 scripsi
726 2382 747 2407 e
780 2372 836 2408 Va
873 2373 919 2409 οὐ
946 2372 1038 2410 770
1062 2372 1195 2418 Wolf}
1217 2371 1262 2420 μέ
1285 2387 1353 2411 του
1377 2384 1400 2411 υ
1426 2387 1470 2420 με
1488 2379 1556 2411 τοῦ

185 2427 267 2453 corr
293 2417 370 2454 Vo³
406 2418 442 2454 εἰ
464 2423 532 2455 τοῦ
557 2432 602 2466 με
627 2419 714 2455 coni
742 2419 794 2456 Re
896 2424 939 2456 19
965 2421 1011 2457 οὐ
1029 2442 1078 2447 -
1097 2425 1141 2457 21
1175 2422 1345 2468 ἠδύνατο
1376 2422 1417 2458 in
1447 2433 1558 2469 marg

185 2465 378 2512 adscripto
403 2465 572 2514 λιβάνιος
597 2467 692 2504 citat
717 2469 881 2515 excerpt.
903 2469 986 2506 eod.
1007 2468 1224 2507 Dsrmatad.
1246 2473 1340 2506 2773
1367 2470 1432 2507 fol.
1453 2474 1543 2508 848³

185 2515 232 2548 20
256 2516 464 2561 πεισθῆναι
488 2526 551 2552 om
575 2526 654 2552 exc.
680 2516 845 2554 Damnat.
