1806 2964
603 214 876 252 EPISTULAE
905 217 1095 250 173—175
1214 208 1216 211 ’
1450 212 1535 257 163

160 346 268 385 νιος,
292 334 462 386 γεωργεῖ
480 328 523 370 δὲ
547 328 637 385 περὶ
656 329 821 381 Κύρον·
848 327 870 370 ὁ
897 326 940 369 δὲ
965 326 1132 380 ἀδικῶν,
1157 327 1266 381 εἴπερ
1291 325 1433 379 ἀδικεῖ,
1456 328 1536 366 Πε·

157 401 359 452 ρεγρῖνος,
382 399 463 437 τῶν
489 403 572 437 σῶν
598 391 716 444 οὗτος
741 394 965 450 ὑπηρετῶν.
1002 400 1162 435 παῦσον
1185 394 1326 435 τοίνυν
1349 391 1376 446 ἢ
1402 391 1536 446 βιαζό-

157 478 282 517 μενον
307 470 451 505 τοῢτον
475 461 503 517 ἢ
527 461 784 515 ψευδόμενον
809 461 975 502 ἐκεῖνον.

798 593 888 648 ροε’.
1461 599 1512 634 W
1539 603 1608 636 175

613 676 917 737 Ἀνδρονίκῳ.
964 689 1070 733 (360)
1572 691 1588 718 ε

221 771 258 806 1.
298 762 402 807 Ἀλλ’
440 765 516 821 ἐγώ
548 777 612 807 σοι
642 765 751 820 παρὰ
782 771 854 806 τοῦ
887 763 1183 818 Δημοσθένους
1214 764 1348 818 λαβών
1380 779 1418 804 τι
1445 762 1536 818 περὶ

155 831 318 874 τουτουὶ
344 831 572 885 διαλέξομαι
597 832 771 873 Βάσσου.
817 827 935 880 οὗτος
957 831 1112 884 τοίνυν,
1134 826 1385 886 Ἀνδρόνικε,
1409 828 1536 883 πένης

157 897 230 951 μέν
255 898 376 951 ἐστιν,
402 898 451 940 οὐ
476 898 655 954 πονηρὸς
683 897 726 939 δέ
750 913 805 952 γε.
846 900 884 938 2.
910 892 1029 946 οὗτος
1053 896 1189 951 μέντοι
1217 898 1358 946 Φοίνιξ
1385 894 1443 937 ὢν
1468 895 1536 937 καὶ

157 965 224 1006 διὰ
249 967 412 1007 πάντων
443 966 556 1019 ’ἥκων
586 965 726 1007 πόνων
758 963 895 1017 ἕστηκε
927 963 1022 1004 νυνὶ
1052 964 1173 1019 λόγον
1203 979 1243 1005 τε
1268 964 1442 1016 κομίζων
1467 962 1533 1004 καὶ

156 1033 390 1083 φασκώλιον
409 1032 542 1085 κενόν,
570 1031 678 1080 ὅπως
703 1031 773 1072 τὸν
799 1029 873 1084 μὲν
897 1029 1017 1083 εἴποι,
1042 1029 1085 1071 τὸ
1113 1028 1155 1071 δὲ
1174 1030 1384 1083 ἐμπλῆσαι.
1412 1032 1450 1070 3.
1471 1029 1535 1070 σοὶ
1554 1042 1588 1068 ιο

156 1094 200 1138 δ’
228 1097 352 1152 ἄμφω
375 1097 527 1152 πρέπει,
551 1098 622 1140 τὸν
642 1096 715 1151 μὲν
735 1096 944 1151 δέξασθαι,
969 1096 1012 1137 τὸ
1032 1095 1076 1138 δὲ
1096 1096 1238 1152 μικρὸν
1256 1094 1306 1137 ὃν
1324 1095 1533 1149 ἐμπλῆσαι.

155 1164 255 1219 μέγα
280 1163 324 1205 δὲ
348 1166 475 1222 τούτῳ
501 1164 569 1205 καὶ
592 1164 637 1206 τὸ
664 1164 822 1218 μικρόν,
847 1163 945 1205 ὥστε
970 1163 1066 1212 τοὺς
1091 1161 1163 1215 μὲν
1188 1163 1434 1211 εἰσοίσοντας
1459 1163 1535 1204 οὐκ

155 1229 352 1282 ἀνιάσεις,
377 1231 447 1273 τὸν
474 1229 517 1271 δὲ
542 1230 776 1283 ληψόμενον
802 1228 1010 1285 ὀρθώσεις.
1056 1232 1095 1270 4.
1121 1227 1166 1279 ὃς
1191 1224 1262 1282 ἧκε
1289 1227 1361 1282 μὲν
1386 1228 1430 1270 ἐκ
1449 1232 1533 1270 Δα-

155 1303 313 1350 μασκοῦ
337 1293 434 1352 παρ’
455 1295 523 1351 ἐμὲ
547 1297 717 1350 πτωχός,
742 1296 872 1351 λόγων
896 1295 1173 1349 ἐπιθυμητής,
1198 1295 1362 1337 ἀκούων
1387 1294 1431 1336 δὲ
1456 1295 1531 1336 Αἰ-

155 1365 304 1418 σχύλου
329 1361 513 1418 λέγοντος
543 1363 587 1405 ἐκ
618 1369 698 1404 τῶν
724 1363 863 1403 πόνων
887 1363 1091 1403 τίκτεσθαι
1114 1361 1184 1411 τὰς
1208 1361 1350 1416 ἀρετὰς
1374 1363 1533 1417 βροτοῖς
1552 1374 1587 1401 1⁶

155 1430 289 1471 ὕπνον
314 1429 459 1484 φυγὼν
483 1428 551 1470 καὶ
570 1429 786 1483 θεαμάτων
804 1427 957 1483 ἡδονὰς
976 1428 1173 1483 βλαβερὰς
1191 1429 1360 1482 νομίσας
1379 1443 1419 1468 τε
1438 1428 1534 1477 τοὺς

227 1538 250 1569 4
273 1534 341 1574 V11
356 1533 405 1577 α’,
421 1533 515 1580 ρνς’.
543 1534 600 1570 Va
613 1533 660 1581 β’,
674 1533 750 1570 οθ’.
781 1534 830 1570 Vo
844 1532 891 1580 β’,
907 1532 983 1569 σθ’.
999 1533 1029 1570 S
1038 1532 1087 1578 α’,
1102 1529 1177 1580 qn'.
1215 1533 1261 1570 Vi
1273 1531 1401 1579 (900¹).
1429 1532 1532 1569 Vina

154 1582 223 1630 νγ’.
250 1582 344 1619 Mor.
358 1582 439 1619 Lib.
454 1593 540 1629 opp.
555 1584 584 1619 t.
598 1582 631 1618 II
640 1594 678 1628 p.
691 1585 760 1618 575
775 1584 810 1629 (e
824 1581 907 1618 cod.
923 1581 1234 1618 Skoklosteriano
1256 1581 1303 1616 cf.
1317 1580 1366 1616 ad
1380 1591 1438 1626 ep.
1449 1582 1531 1627 123)

228 1683 250 1714 5
277 1678 422 1715 Sievers
449 1683 494 1715 83
521 1680 597 1716 noia.
621 1682 677 1715 78.
711 1678 830 1715 Seeck
858 1683 913 1715 71.
942 1681 1023 1714 368.
1059 1677 1228 1713 Silomon
1254 1680 1300 1713 36
1375 1680 1397 1712 6
1422 1677 1534 1713 Βοω.

157 1727 241 1763 adv.
263 1726 399 1763 Eubul.
421 1731 442 1770 ξ
462 1731 509 1763 45
535 1739 571 1774 p.
595 1730 701 1771 1812,
721 1731 767 1763 28
825 1731 844 1762 7
874 1725 993 1762 Seeck
1019 1729 1064 1761 96
1125 1730 1171 1762 14
1197 1725 1244 1762 cf.
1265 1737 1322 1772 ep.
1343 1728 1426 1762 348.
1447 1729 1531 1762 699.

154 1776 290 1860 ἓθῧιίὶῐιὶ
309 1776 368 1866 gi,
384 1780 456 1870 ἓξ)
486 1775 541 1811 N*
572 1776 701 1823 (immo
727 1786 816 1811 vero
842 1773 1143 1820 Pseudophocyl.
1165 1777 1234 1810 163
1261 1774 1376 1821 [151].
1404 1773 1452 1812 ef.
1481 1774 1532 1809 ad

229 1931 246 1962 1
274 1932 392 1971 κῦρον
411 1927 452 1962 D
473 1926 520 1962 cf.
541 1937 599 1972 ep.
623 1930 703 1961 152.
726 1929 818 1962 1071
889 1929 910 1959 6
937 1925 1064 1972 λαβὼν
1082 1923 1119 1960 τί
1141 1924 1279 1961 VVind
1302 1923 1456 1972 λαβόντι
1474 1925 1530 1961 Va

161 1975 215 2011 Vo
240 1975 307 2010 sed
332 1975 373 2010 in
397 1973 470 2010 hoc
489 1987 509 2010 ο
534 1973 576 2009 in
601 1987 630 2009 ω
651 1985 734 2010 corr
751 1973 810 2009 m³
884 1977 903 2009 7
925 1972 1044 2020 βάσου
1071 1973 1228 2010 VVaVo
1249 1973 1256 2020 Ι
1279 1970 1321 2015 ὃς
1344 1972 1373 2009 S
1398 1972 1465 2008 sed
1485 1986 1529 2018 γρ

153 2019 264 2064 οὗτος
275 2021 407 2059 τοίνυν
418 2022 458 2058 in
470 2033 581 2069 marg
602 2024 608 2068 Ι
629 2020 761 2058 τοίνυν
792 2033 854 2058 om
863 2021 1046 2059 VVaSVi
1058 2021 1141 2058 Mor
1174 2020 1357 2057 inem-1⁷0⁸
1406 2024 1530 2065 8φοῑ-

153 2071 213 2115 νιξ
235 2072 287 2108 Vo
337 2075 358 2107 9
384 2077 456 2108 νῦν
473 2071 520 2107 Vi
535 2070 618 2106 Mor
668 2074 690 2106 9
710 2069 821 2116 λόγον
835 2090 881 2096 -
897 2074 942 2106 10
963 2068 1146 2116 ἐμπλῆσαι
1164 2068 1383 2116 praemissis
1402 2068 1528 2105 verbis

154 2119 372 2165 φασκώλιον
397 2118 624 2165 δερμάτινον
642 2131 679 2154 τι
704 2116 895 2165 πηρίὸιον.
933 2117 1117 2165 Λιβάνιος
1146 2118 1188 2154 ἐν
1227 2116 1400 2165 ἐπιστολῇ
1433 2117 1529 2153 citat

153 2166 319 2203 Thomas
345 2167 436 2214 Mag
462 2179 489 2203 ε.
512 2179 543 2203 v.
565 2166 761 2213 φάσκαλος
785 2178 822 2212 p.
844 2170 926 2212 380,
942 2170 987 2201 15
1014 2165 1047 2200 R
1116 2170 1161 2201 10
1188 2164 1274 2211 εἴπη
1302 2166 1388 2203 VVi
1406 2165 1528 2202 Thom

152 2214 235 2251 Mor
273 2216 280 2261 Ι
320 2214 358 2251 δ’
381 2215 438 2251 Va
447 2216 500 2252 Vo
530 2214 640 2251 Wolf
673 2217 680 2261 Ι
716 2215 852 2261 μικρὸν
887 2212 931 2250 ὃν
956 2215 1043 2260 post
1069 2212 1111 2251 δὲ
1144 2213 1265 2250 Thom
1311 2214 1317 2259 Ι
1361 2213 1527 2260 ἐμπλήσῃ

162 2263 247 2300 VVi
262 2262 384 2300 Thom
402 2263 484 2299 Mor
508 2262 670 2300 Gothofi·
688 2262 768 2299 Not
793 2263 977 2309 ἐμπλῆσαι
997 2262 1053 2298 Va
1146 2265 1190 2298 11
1211 2260 1254 2298 δὲ
1275 2261 1368 2299 VVo
1380 2263 1424 2298 Vi
1445 2262 1529 2298 Mor

156 2314 200 2346 12
225 2311 318 2358 μετὰ
348 2311 391 2348 δὲ
420 2317 532 2348 τοῦτο
561 2311 644 2347 Μοι·
751 2314 797 2346 13
822 2310 992 2352 ἀνιάσεις
1017 2310 1054 2346 V
1079 2310 1147 2346 sed
1167 2323 1186 2351 ς
1204 2310 1244 2345 in
1275 2321 1337 2346 ras
1376 2310 1529 2347 ἀνιάσει

162 2359 209 2395 Vi
230 2360 313 2395 Mor
334 2360 339 2406 Ι
361 2360 426 2395 καὶ
451 2361 540 2395 ante
564 2359 632 2396 τὸν
664 2360 718 2397 Vo
743 2359 809 2394 sed
836 2358 898 2395 del
922 2357 980 2394 m⁸
1025 2359 1031 2404 Ι
1075 2355 1144 2395 τὸν
1169 2357 1387 2404 ληψόμενον
1412 2357 1455 2394 δὲ
1484 2358 1528 2394 Vi

154 2406 238 2443 Mor
257 2410 263 2455 Ι
285 2406 328 2444 δὲ
354 2419 415 2444 om
437 2408 553 2445 VaVo
579 2407 646 2444 sed
671 2407 712 2443 in
737 2407 810 2443 hoc
840 2407 942 2444 inser
971 2406 1030 2442 111⁸
1068 2409 1074 2444 Ι
1114 2406 1280 2452 ὀρθῶσαι
1298 2407 1384 2443 VVi
1409 2406 1493 2443 Mor
1519 2406 1525 2452 Ι

154 2454 205 2498 ὣς
227 2454 313 2502 ἥκει
337 2455 421 2493 Μοι·
519 2460 564 2492 14
588 2453 684 2502 παρ’
707 2454 770 2501 ἐμὲ
797 2466 857 2491 om
878 2454 977 2491 Vina
1022 2456 1028 2501 Ι
1068 2454 1197 2491 ἀκούω
1226 2455 1272 2492 Vi
1317 2455 1323 2503 Ι
1369 2453 1407 2491 δ’
1439 2455 1476 2491 V

155 2507 200 2540 15
226 2503 294 2547 τὰς
317 2503 468 2550 reposui
494 2514 515 2540 e
539 2503 649 2541 libris
694 2514 756 2539 om
782 2502 892 2558 WoliJ
