1806 2964
614 207 887 246 EPISTULAE
914 211 1105 245 sao-³40
1207 232 1210 234 ψ
1458 207 1543 251 321

165 325 375 367 ἐλθόντων
398 323 529 365 πολὺν
555 321 628 375 μὲν
653 323 814 377 ἱδρῶτα,
838 322 970 372 πάσας
988 319 1031 362 δὲ
1058 321 1201 374 φωνὰς
1225 320 1372 376 ἀφῆκε.
1415 323 1486 363 καί
1507 338 1544 363 τι

169 390 240 433 καὶ
263 397 343 432 τῶν
368 388 494 431 αὑτοῦ
519 393 652 444 χεῖρον
676 388 792 430 ἔθετο
817 388 1059 441 θεραπεύων
1083 387 1245 441 τούμόν.
1286 393 1355 430 11.
1381 388 1451 430 τὸν
1470 384 1547 431 οὖν

170 458 276 500 οὕτω
315 455 389 510 μὲν
422 456 682 510 θαυμαστόν,
714 455 820 497 οὕτω
851 454 895 496 δὲ
926 455 990 497 σοὶ
1021 456 1331 510 προσκείμενον,
1362 456 1469 497 οὕτω
1504 454 1547 497 δὲ

168 523 259 577 ἐμοὶ
283 524 419 576 φίλον,
445 522 489 564 ἐν
513 522 686 576 πρώτοις
712 520 756 563 δὲ
777 521 1015 576 τεταγμένον
1033 521 1115 564 ὑπὸ
1140 529 1212 576 τῆς
1236 521 1377 577 τέχνης
1402 522 1457 576 μὴ
1480 522 1548 563 καὶ

167 590 238 632 διὰ
263 597 342 632 τῶν
367 588 498 631 ἄλλων
523 588 568 631 ἐν
591 590 765 644 πρώτοις
789 585 893 630 εἶναι
918 595 999 630 ποῦ
1023 588 1168 638 καλόνς
1201 586 1228 642 ἢ
1254 589 1390 642 βούλει
1415 590 1546 643 ζητεῖν
1586 602 1600 626 5

170 654 276 711 ἡμᾶς
308 656 458 711 ἕτερον,
490 655 598 706 ὅστις
634 662 752 697 τοῦτο
783 654 962 708 ποιήσεις
995 651 1079 696 ἀλλ’
1110 655 1187 696 οὐκ
1221 654 1430 710 ἀμήχανον
1462 654 1549 710 μέν,

170 723 247 765 οὐκ
280 721 394 773 ἄξιον
429 721 472 764 δὲ
511 722 733 776 Θεοδώρου.
781 721 825 763 τὸ
859 720 935 775 γὰρ
971 721 1039 762 διὰ
1076 727 1150 762 σοῦ
1185 723 1320 774 μεῖζον
1355 720 1443 776 ἄγει
1477 728 1548 763 τοῦ

169 790 403 844 πράγματος
428 788 496 830 καὶ
526 789 571 831 τὸ
603 788 775 842 μηδενὸς
805 791 938 842 τυχεῖν
968 793 1041 828 τοῦ
1072 783 1126 828 δι’
1149 787 1284 843 ἑτέρου
1315 792 1448 843 τυχεῖν
1481 804 1547 842 με·

172 856 382 911 τριώτερον
407 854 528 912 αὐτῷ.
572 858 640 897 12.
666 854 736 903 δὸς
763 854 814 908 δὴ
841 854 1010 908 σαυτόν,
1040 852 1109 895 καὶ
1143 853 1241 895 ἔστω
1271 854 1479 910 Θεόδωρος
1504 854 1548 896 ἐν

169 926 224 980 τῷ
244 921 449 980 καταλόγῳ
473 928 554 962 τῶν
579 921 660 963 ὑπὸ
685 927 760 962 σοῦ
784 919 1105 974 κεκοσμημένων·
1137 919 1242 961 πολὺ
1274 920 1350 975 γὰρ
1380 920 1548 974 ἄμεινον
1567 939 1604 965 10

169 989 314 1031 τοῦτόν
337 1004 408 1042 μοι
440 988 749 1042 προσδραμόντα
781 991 981 1040 φιλοῦντα
1011 986 1093 1040 ἅμα
1124 986 1265 1041 λέγειν,
1290 986 1317 1027 ἃ
1350 988 1550 1041 τετίμηται

169 1055 198 1109 ἢ
221 1054 266 1097 σὲ
290 1057 432 1110 ζητεῖν,
457 1053 480 1095 ὅ
503 1071 542 1095 τι
559 1053 805 1110 ἀπολογήσῃ.

826 1206 901 1264 τμ’.
1476 1220 1525 1255 W
1550 1224 1622 1257 843

683 1294 887 1353 Ἀρεσίῳ.
922 1299 1032 1342 (358)

236 1385 274 1423 1.
299 1382 475 1423 Γενναῖά
498 1380 543 1437 γέ
567 1394 641 1423 σου
666 1380 714 1422 τὰ
738 1381 962 1435 θρέμματα,
986 1380 1053 1422 καὶ
1079 1381 1211 1436 δῶρον
1229 1379 1329 1434 ἡμῖν
1356 1380 1548 1423 ἀπέσταλ-
1568 1391 1602 1418 1⁶

169 1463 244 1497 κας
271 1448 320 1490 οὐ
345 1447 445 1489 κατὰ
470 1448 638 1502 χρυσόν,
663 1446 711 1489 ὃν
736 1443 822 1506 φῄς
851 1463 919 1501 μοι
944 1446 1073 1488 πολὺν
1098 1446 1331 1501 ἐνηνοχέναι
1361 1446 1436 1500 τὴν
1461 1447 1547 1501 ἔορ-

176 1515 263 1568 τήν,
288 1515 419 1556 καίτοι
443 1514 584 1568 μικρὸς
610 1512 683 1568 μὲν
714 1514 883 1566 ἐκεῖνος,
909 1512 1050 1555 πολλοὶ
1085 1512 1128 1554 δὲ
1163 1515 1205 1554 οἱ
1227 1512 1414 1567 πένητες·
1440 1513 1549 1570 παρὰ

172 1579 216 1622 δὲ
240 1587 320 1622 τῶν
346 1580 395 1622 οὐ
420 1581 704 1622 πλουτούντων
723 1580 942 1634 λαμβάνειν
962 1580 1052 1621 ἴσον
1071 1577 1249 1635 ἡγοῦμαι
1267 1584 1322 1637 τῷ
1346 1584 1547 1621 τεθνεῶτα

174 1650 311 1689 συλᾶν.
364 1650 402 1688 2.
428 1644 513 1687 ἀλλ’
542 1646 638 1688 ἴστω
670 1647 797 1696 πολὺς
831 1645 899 1687 καὶ
932 1646 1028 1687 ὅσον
1060 1645 1081 1688 ὅ
1114 1647 1293 1700 ποταμὸς
1324 1646 1461 1688 ἐδίδου
1498 1651 1552 1703 τῷ

178 1714 329 1755 Λυδῶν
354 1715 520 1766 βασιλεῖ,
545 1714 631 1766 καί,
657 1713 695 1754 εἰ
718 1715 853 1767 βούλει
878 1728 941 1767 γε,
967 1720 1038 1754 τοῦ
1063 1714 1334 1765 Κολοφωνίου
1360 1714 1598 1766 mulsum„

249 1822 293 1853 1³
327 1818 378 1853 V!
399 1817 447 1863 γ’,
472 1816 515 1854 λ’.
550 1818 606 1854 Va
630 1816 679 1862 δ’,
704 1816 746 1854 λ’.
781 1818 833 1854 Vo
858 1816 908 1863 δ’,
926 1817 955 1853 λ’

248 1919 264 1948 1
297 1914 400 1949 Dem.
421 1924 495 1950 cor.
515 1917 536 1958 ὃ
558 1917 627 1950 195
653 1926 690 1960 p.
710 1917 852 1958 293,12
918 1918 962 1950 14
982 1913 1102 1950 Seeck
1122 1917 1180 1949 84.
1201 1917 1281 1949 347.
1309 1913 1478 1950 Silomon
1500 1918 1544 1950 16

223 1965 267 1998 15
281 1961 376 1998 ΡΜ.
394 1961 552 1998 Phaedr.
571 1974 608 2009 p.
623 1966 691 1999 261
709 1963 742 1997 A
805 1967 849 1997 16
864 1962 911 1998 cf.
934 1964 958 1997 t.
980 1963 995 1997 I
1016 1965 1098 2007 397,
1114 1966 1155 1998 11
1166 1974 1243 2008 sq.;
1264 1961 1351 1998 VIII
1364 1965 1543 2008 475,8sq.

173 2009 543 2094 Ξοιὲὃῗμῃθὲῃῐξρωῗ
562 2022 600 2056 p.
620 2015 689 2047 469
704 2010 736 2046 D
813 2014 858 2046 19
884 2010 1062 2046 Pactolus
1094 2010 1141 2046 cf.
1175 2010 1377 2046 Salzmann
1403 2014 1448 2046 27

247 2158 265 2190 1
293 2155 443 2201 ἀφῆκεν
471 2155 526 2191 Va
595 2159 615 2190 2
641 2155 760 2192 αὐτοῦ
786 2154 876 2191 libri
902 2152 991 2191 sed’
1013 2153 1078 2190 in‘
1104 2165 1187 2191 corr
1212 2154 1279 2200 V⁶,
1306 2154 1416 2190 Wolf
1445 2156 1451 2201 Ι
1472 2168 1546 2202 χει-

172 2206 250 2248 ρῶν
278 2203 312 2239 V
334 2203 400 2238 sod
424 2202 465 2238 in
490 2208 617 2249 χεῖρον
643 2213 726 2239 corr
750 2204 819 2247 καθ,
852 2203 969 2240 VaVo
990 2205 997 2250 Ι
1026 2203 1256 2248 θεραπεύων
1282 2203 1416 2249 scripsi
1442 2214 1463 2239 e
1491 2203 1546 2240 Va

180 2249 268 2287 Vos
281 2250 326 2287 Vi
349 2253 394 2286 ut
418 2261 440 2286 o
465 2250 555 2288 Par.
570 2254 669 2288 3035
696 2251 965 2288 Boisaonadius
990 2251 1132 2287 Anecd.
1151 2251 1186 2286 11
1206 2254 1275 2287 269
1313 2251 1546 2296 θεραπεύειν

182 2298 216 2334 V
238 2298 345 2334 Wolf
369 2303 458 2344 „aut
481 2299 710 2344 θεραπεύων
730 2304 798 2337 aut
821 2298 864 2336 τὸ
884 2299 1116 2343 θεραπεύειν
1135 2304 1204 2336 aut
1221 2302 1272 2348 τῷ
1287 2299 1542 2344 θεραπεύειν*

172 2345 229 2383 Re
296 2350 318 2381 3
343 2347 616 2392 προσκείμενον
643 2348 679 2385 V
697 2348 764 2384 sed
795 2359 895 2393 προσ
929 2350 1089 2394 antepos
1115 2348 1172 2383 ω·
1245 2354 1267 2383 8
1293 2347 1463 2392 διετέρου
1490 2348 1546 2384 Va

220 2397 242 2430 9
268 2395 370 2442 αὐτῷ
396 2395 486 2431 libri
508 2395 613 2432 Wolf
684 2400 725 2431 11
756 2397 813 2432 σοὶ
840 2395 928 2432 libri
954 2397 1020 2432 sed
1048 2406 1068 2432 σ
1093 2395 1134 2431 in
1158 2410 1184 2440 μ
1216 2406 1300 2432 corr
1332 2396 1403 2433 Vo⁴
1424 2399 1430 2440 Ι
1453 2408 1546 2440 προ-

172 2444 247 2487 δρα
286 2441 366 2479 ’ντα
387 2443 434 2480 Vi
508 2447 552 2479 16
579 2443 654 2490 φής
674 2445 710 2481 V
729 2444 796 2480 sed
816 2443 886 2479 'in
906 2455 967 2480 ran
993 2443 1060 2488 m‘,
1088 2443 1196 2480 Wolf
1235 2449 1311 2490 φῆς
1338 2444 1455 2480 VaVo

175 2493 220 2526 18
246 2455 327 2527 ἷζον
353 2491 405 2528 Vo
431 2490 539 2528 Wolf
608 2496 654 2528 20
679 2491 919 2539 κολοφωνίου
945 2493 981 2528 V
1001 2493 1067 2528 sed
1094 2505 1140 2528 ov
1164 2492 1205 2528 in
1229 2503 1292 2528 ras
1318 2492 1375 2527 m‘
