1806 2964
717 214 955 251 EPISTULA
981 219 1024 251 ει
1220 198 1222 200 ’
1512 212 1571 258 59

195 330 326 385 ὥσπερ
352 328 556 371 ἐκέλευσεν
579 326 836 384 Ἀνάχαρσις,
860 328 1024 382 ἐκράτει.
1055 327 1123 369 καὶ
1154 334 1232 368 νῦν
1263 328 1313 370 οὐ
1344 331 1495 382 μᾶλλον
1520 326 1572 369 ἃν

192 396 317 438 αὐτὸν
340 395 369 450 ἢ
394 395 488 445 τοὺς
513 394 756 449 ἀνδριάντας
775 394 949 449 ἐκφύγοι
971 394 1150 448 συλλαβὴ
1182 400 1262 435 τῶν
1293 398 1485 449 σιγᾶσθαι
1511 395 1571 435 δι-

194 464 332 504 καίων.

255 531 294 570 9.
315 524 433 570 Ἀλλὰ
463 528 539 583 γὰρ
572 529 691 586 οἰήσῃ
727 544 774 581 με
805 529 1009 582 τηνάλλως
1048 529 1246 582 μηκύνειν
1282 528 1384 582 πρὸς
1417 527 1461 569 σὲ
1491 528 1572 579 τόν,

193 595 330 649 ἐπειδὴ
356 602 479 637 ταῦτα
511 595 619 652 αὐτῷ
651 591 862 653 συνῄδεις,
893 595 1130 649 κεκληκότα,
1157 596 1331 648 διῆλθον
1362 593 1405 636 δὲ
1436 594 1487 636 οὐ
1513 596 1573 635 δι·
1611 608 1627 635 ι

193 663 318 717 δαχῆς
342 661 458 704 ἕνεκα
482 668 563 703 τῶν
589 661 762 716 τρόπων,
788 668 859 705 τοῦ
880 663 1006 711 δεῖξαι
1031 660 1088 712 δέ,
1117 659 1170 710 ὡς
1195 660 1347 714 μέτεστι
1364 667 1412 718 τῇ
1437 664 1576 718 τροφῷ

193 735 272 770 τῶν
306 733 360 787 τῷ
394 729 576 786 τροφίμῳ
612 728 720 782 παρὰ
762 734 837 770 σοῦ
880 727 1130 783 γιγνομένων
1166 743 1206 768 τε
1249 726 1317 769 καὶ
1359 726 1572 780 ἐσομένων.

197 798 264 837 10.
293 792 346 844 ὣς
378 789 454 835 οὖν
485 793 530 835 ἐν
562 802 686 836 πᾶσιν
717 792 817 846 ἡμῖν
848 799 1020 849 θεωροῖς
1050 793 1376 848 ἐπιδεικνύμενος
1406 793 1475 835 καὶ
1506 793 1574 835 διὰ

196 867 268 903 τοῦ
287 861 457 915 ῥήτορος
482 865 534 918 τῷ
555 865 678 919 κοινῷ
693 861 956 915 χαριούμενος
975 863 1219 915 μετάστησον
1238 858 1338 914 ἡμῖν
1357 860 1427 902 τὸν
1445 859 1574 915 ἄνδρα

194 927 329 981 φέρων
367 928 423 977 εἰς
455 935 585 982 σχῆμα
616 928 684 968 σοί
712 943 751 969 τε
782 927 850 968 καὶ
882 927 1018 985 ἐκείνῳ
1056 926 1210 980 πρέπον
1241 926 1310 968 καὶ
1342 926 1397 981 μὴ
1436 928 1572 983 παύσῃ
1594 941 1629 967 ιο

197 999 280 1043 τοῖς
305 993 480 1049 ἀγαθοῖς
511 1001 591 1035 τῶν
625 993 787 1048 ἀνδρῶν
818 995 1122 1048 συλλαμβάνων.
1169 998 1236 1035 11.
1263 995 1390 1052 τούτῳ
1420 993 1497 1049 γὰρ
1523 992 1574 1034 ἂν

198 1060 265 1102 καὶ
289 1060 401 1118 μόνῳ
427 1062 611 1113 νικήσαις
637 1060 731 1110 τοὺς
760 1060 837 1115 πρὸ
869 1067 944 1102 σοῦ
974 1060 1097 1102 ταύτὰ
1128 1059 1155 1101 ἃ
1186 1060 1237 1101 σὺ
1267 1067 1346 1102 νῦν
1377 1061 1574 1119 διῳκηκό-

195 1144 275 1176 τας.
307 1126 350 1167 τὸ
377 1126 449 1180 μὲν
475 1127 550 1182 γὰρ
570 1126 699 1180 ὄνομα
718 1127 837 1169 ταύτὸ
863 1126 931 1168 καὶ
950 1127 1124 1180 δύναμις
1143 1128 1224 1180 ἴση,
1251 1127 1317 1168 δεῖ
1336 1126 1380 1168 δὲ
1407 1126 1449 1168 σὲ
1475 1127 1574 1169 ἐκεί-

193 1210 277 1235 νων
314 1192 380 1235 ἐπὶ
413 1194 594 1249 χρήματα
629 1192 874 1248 ὡρμηκότων
908 1194 1032 1236 αὐτὸν
1068 1200 1250 1247 φανῆναι
1290 1194 1575 1248 λαμπρύνοντα

192 1259 241 1300 τὰ
272 1266 352 1301 τῶν
383 1259 545 1315 ἀνδρῶν
576 1256 637 1310 οἷς
671 1276 707 1301 τι
739 1259 914 1314 μέτεστιν
945 1259 1098 1315 ἀρετῆς.
1136 1260 1259 1302 καλὸν
1288 1259 1364 1315 γὰρ
1402 1261 1569 1314 ὕστερον
1589 1273 1623 1300 1⁶

194 1323 367 1383 ᾂδεσθαι
391 1333 472 1367 τῶν
496 1325 569 1380 μὲν
595 1327 664 1368 τὸν
690 1330 881 1377 πλοῦτον,
907 1333 982 1368 σοῦ
1007 1325 1051 1367 δὲ
1077 1327 1151 1380 τὴν
1175 1333 1336 1380 ψῆφον.

271 1460 284 1490 1
315 1455 427 1503 Diog.
453 1455 493 1492 L.
512 1455 530 1491 I
552 1459 621 1492 104
696 1460 717 1491 2
750 1455 837 1491 Luc.
865 1456 930 1492 vit.
963 1457 1062 1492 auct.
1090 1459 1123 1491 3.
1152 1455 1244 1491 Xen.
1270 1466 1349 1501 rep.
1378 1455 1466 1492 Lac.
1492 1459 1525 1498 3,
1540 1460 1573 1491 '2

195 1503 282 1540 Hor.
304 1516 366 1550 ep.
389 1504 422 1539 11
441 1508 476 1549 2,
490 1507 548 1540 83.
576 1505 646 1539 sat.
669 1505 701 1539 II
721 1508 754 1549 5,
769 1507 815 1539 40

1362 1577 1426 1612 καὶ
1453 1584 1524 1613 νῦν

271 1629 289 1660 1
312 1623 535 1672 Ἀνάχαρσις
560 1624 728 1662 ἐκέλευεν
763 1626 798 1661 V
819 1625 885 1660 sed
912 1636 933 1661 σ
957 1626 1045 1660 ante
1065 1639 1106 1662 εν
1126 1625 1229 1661 inser
1253 1626 1311 1661 m⁶
1331 1627 1337 1670 Ι
1359 1626 1423 1661 καὶ
1450 1624 1523 1672 γὰρ
1549 1626 1578 1661 S

265 1677 286 1708 2
313 1674 434 1710 αὐτοῦ
461 1674 502 1710 D
523 1675 528 1716 1
552 1673 698 1720 ἐκφύγῃ
733 1674 784 1710 Vo
801 1673 848 1710 Vi
873 1673 1017 1720 ἐκφύγῃ
1044 1685 1090 1720 pr
1111 1674 1116 1720 Ι
1140 1675 1303 1734 συλλαβῇ
1329 1674 1370 1710 D
1444 1677 1467 1708 4
1493 1673 1572 1719 οἰή·

202 1733 256 1758 σει
282 1733 328 1768 pr
357 1724 364 1768 Ι
397 1721 587 1768 τηνάλλως
621 1723 657 1758 V
676 1722 743 1759 sed
769 1735 818 1768 ην
850 1721 890 1757 iu
921 1732 983 1757 ras
1009 1722 1067 1758 m⁶
1090 1720 1260 1768 τηνάλως
1291 1721 1441 1759 VoSVi
1468 1722 1475 1769 Ι
1507 1722 1575 1758 τὸν

196 1770 294 1815 πρὸσ
318 1770 356 1807 σὲ
382 1771 424 1807 D
517 1774 537 1806 6
564 1769 693 1807 εινεκα
724 1736 815 1825 Isou-S
833 1771 934 1807 Vind
979 1771 985 1818 Ι
1043 1777 1119 1806 τῶν
1151 1770 1254 1806 inser
1286 1771 1386 1807 Vim]
1417 1781 1479 1807 om
1505 1770 1571 1816 D}

195 1817 854 1910 23323?57523.‘52Q2‘231⁸W3?f³
874 1829 901 1902 ἓ
896 1819 1103 1915 «Ῐῼῗῗῶῖ
1123 1816 1577 1916 τέἕφέέοὲᾘωῗῗὶἦῖἔ

198 1915 294 1951 sed
283 1927 324 1950 111
343 1895 415 1951 h'oe
436 1921 464 1951 ῶ
486 1926 602 1962 supra
621 1921 657 1963 ῇ,
678 1917 718 1951 D
731 1915 842 1951 Wolf
867 1921 990 1963 τροφῇ
1010 1921 1087 1953 τῶν
1104 1914 1302 1961 τροφίμων
1321 1927 1367 1963 pr
1430 1919 1448 1946 7
1469 1915 1576 1961 παρὰ

206 1964 239 1999 V
255 1963 321 1999 sed
347 1963 385 1999 in
414 1964 502 2009 περὶ
527 1974 610 2000 corr
628 1963 685 2000 m⁶
719 1967 724 2009 Ι
758 1962 969 2010 γινομένων
995 1964 1049 2001 Vo
1066 1964 1159 2000 ViD
1179 1975 1225 2011 pr
1303 1968 1325 2000 8
1352 1963 1419 2001 διὰ
1439 1963 1575 2010 scripsi

198 2022 219 2047 e
253 2012 284 2046 V
301 2011 351 2058 δὴ
378 2013 432 2049 Vo
450 2023 496 2058 pr
515 2012 564 2059 δὴ
583 2012 648 2048 καὶ
667 2012 698 2050 S
711 2013 756 2048 Vi
758 1977 919 2048 yVindD
940 2012 1050 2049 Wolf
1103 2015 1148 2048 10
1167 2025 1206 2049 τε
1227 2022 1288 2048 om
1308 2013 1362 2049 Vo
1426 2016 1469 2048 11
1488 2018 1557 2049 τοῦ

197 2073 239 2096 το
265 2061 304 2096 et
331 2063 375 2095 12
395 2058 514 2107 μόνον
541 2061 581 2097 D
663 2064 707 2097 12
727 2060 824 2105 πρὸς
849 2065 918 2096 σοῦ
947 2061 1035 2097 ViD
1074 2062 1080 2106 Ι
1114 2060 1235 2097 ταύτὰ
1255 2060 1390 2107 scripsi
1415 2072 1501 2097 cum
1519 2060 1576 2096 Re

199 2113 320 2144 ταῦτα
345 2108 437 2144 libri
462 2108 537 2145 edd
571 2110 577 2156 Ι
605 2114 678 2145 νῦν
711 2109 756 2145 σὺ
787 2108 863 2144 edd
885 2110 891 2154 Ι
914 2109 972 2145 σοὶ
1003 2110 1045 2146 D
1128 2113 1171 2145 13
1196 2110 1312 2146 ταυτὸ
1346 2110 1439 2146 VVo
1464 2109 1530 2145 sed
1557 2123 1577 2144 τ

199 2158 356 2202 antepos
389 2157 444 2193 V⁶
461 2156 533 2196 Vo³
572 2155 666 2194 αὐτὸ
700 2158 748 2194 Vi
761 2156 862 2193 Vina
886 2168 932 2203 pr
956 2158 1057 2194 αὐτῶ
1084 2158 1125 2194 D
1152 2160 1158 2204 Ι
1187 2157 1233 2195 δέ
1256 2168 1295 2194 σε
1319 2156 1410 2193 libri
1435 2157 1508 2193 edd

201 2210 244 2240 14
277 2204 512 2252 ἐπιχρήματα
551 2206 598 2241 Vi
696 2210 739 2241 15
771 2204 819 2241 τὰ
844 2204 987 2241 inserui
1022 2217 1043 2242 e
1077 2205 1125 2242 V⁴
1162 2218 1223 2242 om
1266 2206 1355 2243 Vos
1369 2207 1415 2242 Vi
1430 2206 1576 2243 VindD

200 2253 272 2288 edd
302 2258 393 2298 „aut
416 2255 481 2301 leq.
507 2253 556 2289 τὰ
579 2260 655 2290 τῶν
680 2259 748 2291 aut
768 2254 898 2299 potius
922 2254 980 2290 nil
1010 2254 1234 2291 mutandum
1264 2254 1328 2291 sed
1351 2255 1577 2291 solummodo

195 2306 281 2347 post
303 2306 381 2337 τῶν
405 2301 560 2347 ἀνδρῶν
582 2302 885 2339 subaudiendum
909 2301 1089 2344 τούτους“
1118 2302 1173 2339 Re
1207 2305 1213 2348 1
1248 2302 1452 2347 ἀνάνδρῶν
1478 2302 1507 2338 S

203 2352 247 2384 16
272 2347 339 2386 τὸν
364 2350 466 2386 inser
482 2315 570 2386 ‘Va'
594 2361 655 2386 om
689 2351 784 2387 ViD
808 2362 855 2396 pr
