1806 2964
267 200 355 243 488
863 195 1051 232 LIBANII

196 319 244 353 W
270 322 339 355 427
903 305 1001 362 φιγ’.

672 388 714 432 Ἀ
724 403 857 446 ριστα
867 390 1013 448 ινέτῳ.
1047 397 1217 447 (356157)

332 482 371 517 1.
399 472 508 517 Οὕθ’
532 475 553 517 ὁ
586 476 777 524 Λεόντιος
808 474 929 516 ἔδωκε
960 474 1034 527 τὴν
1064 474 1294 527 ἐπιστολήν,
1318 471 1403 515 ἀλλ’
1425 473 1452 528 ἢ
1484 473 1534 515 οὗ
1564 477 1631 515 λα-

270 542 356 595 βὼν
387 541 511 594 ἔφησε
542 542 678 592 λαβεῖν
703 539 730 594 ἢ
760 539 894 594 λαβὼν
926 539 1167 593 ἀπολώλεκε,
1201 540 1406 593 Θεμίστιός
1436 555 1475 581 τε
1499 539 1634 593 φήσας

233 623 250 650 ι
270 607 407 661 φέρειν
432 613 501 659 τῆς
533 606 739 659 ὑστεραίας
770 606 820 647 οὐ
852 605 989 661 φέρειν
1019 605 1118 658 ἔφη·
1144 607 1356 659 γράψαντα
1385 606 1460 659 γάρ
1491 617 1534 646 σε
1560 605 1634 646 οὐκ

272 673 483 714 ἐπιθεῖναι.
515 679 638 714 ταῦτα
662 672 713 725 δὴ
738 673 778 712 τί
800 672 997 725 βούλεται,
1022 672 1199 724 δίδαξον,
1224 672 1278 720 ὼς
1302 670 1378 725 ἐγὼ
1403 677 1481 712 τῶν
1505 671 1635 725 αἰνιγ-

272 740 406 791 μάτων
439 738 510 797 οὐχ
541 737 622 792 δρῶ
653 738 779 779 λύσιν.
827 741 864 779 2.
890 737 1116 786 Σπεκτάτος
1147 735 1190 778 δὲ
1220 734 1314 791 παρ’
1337 735 1452 790 ἡμῶν
1490 734 1634 789 ἀνέστη

271 804 343 857 μὲν
367 803 559 858 βραδέως,
583 799 628 844 εὖ
655 803 698 845 δὲ
721 803 768 845 τὰ
792 804 886 860 τῇδε
906 802 995 852 θεὶς
1013 801 1157 856 ἀνέστη
1181 802 1248 843 καὶ
1267 802 1539 855 μιμησάμενος
1562 807 1634 843 τοῦ

273 870 421 911 Νικίου
453 876 524 911 τοῦ
556 868 747 924 ἡμετέρου
777 869 980 924 προγόνου
1011 869 1080 910 τὸν
1112 869 1270 922 τρόπον.
1308 869 1530 921 Βαβυλῶνα
1559 867 1634 923 γὰρ

219 951 253 977 ιο
273 936 418 984 ἔξεστιν
443 934 559 989 ὁρᾶν,
590 935 627 976 εἰ
649 934 717 976 καὶ
747 934 801 988 μὴ
832 933 990 991 πολέμῳ
1021 937 1268 986 ληφθεῖσαν,
1299 931 1383 974 ἀλλ’
1405 932 1569 988 εἰρήνης
1592 947 1635 987 γε

272 1000 528 1055 ἀνεῳγμένην
553 1000 675 1057 νόμῳ.

202 1092 249 1125 W
276 1095 346 1128 428
906 1080 1003 1136 φιδ’.

714 1169 984 1224 Κληματίῳ.
1018 1176 1188 1221 (356157)

339 1257 374 1294 1.
392 1251 524 1306 ’Ἑχεις
550 1252 629 1294 ὑπὸ
655 1256 762 1307 χεῖρα
787 1252 1032 1303 Σπεκτάτον,
1056 1250 1104 1293 ὃν
1124 1250 1232 1304 ηὔξω
1252 1253 1399 1305 λαβεῖν.
1426 1251 1479 1304 μὴ
1499 1252 1638 1293 τοίνυν

223 1332 255 1359 1⁵
277 1319 375 1372 πρὸς
401 1318 475 1371 τὴν
501 1317 600 1370 ὄψιν
625 1321 897 1374 μαλακισθῇς,
924 1314 1007 1358 ἀλλ’
1033 1317 1105 1359 ὅσα
1132 1316 1302 1370 ἠπείλεις
1327 1316 1490 1358 ἐπιτέλει
1514 1318 1638 1370 βοῶν,

275 1384 418 1435 ἕλκων,
455 1383 604 1438 ἄγχων,
640 1387 870 1436 καταφιλῶν
906 1383 1001 1436 μετὰ
1035 1387 1191 1437 θυμοῦ·
1224 1383 1379 1424 τοιάσδε
1409 1382 1483 1437 γὰρ
1514 1378 1638 1424 οἶσθα

277 1449 384 1505 παρὰ
409 1450 524 1491 τοῦδε
557 1450 671 1498 δίκας
702 1450 930 1503 λαμβάνειν.
970 1453 1007 1490 2.
1034 1449 1266 1502 σεμνότερος
1297 1446 1339 1490 δὲ
1370 1448 1458 1501 ἣκει
1482 1460 1545 1489 σοι
1568 1449 1639 1489 τὸν

277 1516 450 1569 πόλεμον
487 1515 708 1563 καταλύσας
738 1514 805 1555 καὶ
835 1515 1008 1564 καθίσας
1045 1512 1142 1567 ἡμῖν
1178 1513 1222 1556 έν
1257 1518 1311 1571 τῷ
1352 1514 1508 1569 θεάτρῳ
1545 1513 1640 1562 τοὺς

279 1581 436 1631 δεινοὺς
476 1580 653 1630 ἐκείνους
693 1581 872 1633 τοξότας,
909 1576 998 1621 ὥστ’
1027 1580 1133 1629 εἰκὸς
1166 1579 1290 1621 αὐτὸν
1325 1579 1486 1621 ἔσεσθαι
1523 1579 1640 1632 μείζω

228 1663 262 1689 20
281 1638 389 1701 παρὰ
413 1651 467 1702 τῷ
493 1648 651 1699 βασιλεῖ
669 1644 899 1699 δυνηθέντα
924 1652 971 1703 τῇ
990 1647 1127 1702 γνώμῃ
1146 1644 1266 1687 πλέον
1285 1651 1364 1686 τῶν
1383 1645 1520 1687 ὄντων.
1548 1647 1586 1686 3.
1605 1645 1642 1685 εἰ

330 1766 372 1820 ,1
408 1763 457 1798 V!
479 1761 526 1808 γ’,
551 1761 621 1820 ση’.
660 1763 716 1798 Va
741 1760 787 1806 ς’,
806 1761 854 1797 κ’.
892 1762 945 1798 Vo
970 1763 1018 1806 ς’,
1042 1761 1079 1797 κ’
1164 1765 1208 1797 12
1241 1761 1292 1797 Vt
1314 1760 1360 1807 γ’,
1391 1759 1466 1797 σθ’.
1514 1760 1568 1797 Va
1593 1760 1639 1803 ς’,

280 1823 329 1844 κα
345 1837 354 1845 .
388 1810 437 1845 Vo
463 1809 508 1849 ς’.
534 1823 584 1845 κα

354 1920 374 1951 2
402 1916 547 1952 δίενεη
560 1920 642 1960 234,
656 1921 688 1953 5.
710 1916 829 1952 Seeck
848 1919 905 1953 87.
927 1919 1006 1952 831.
1028 1915 1196 1952 Silomon
1214 1919 1258 1951 51
1268 1927 1321 1961 sq.
1385 1919 1406 1951 3
1425 1915 1472 1952 cf.
1493 1925 1552 1961 ep.
1572 1919 1641 1950 504

330 1968 352 2000 4
378 1964 496 2000 Seeck
516 1967 586 2000 296
649 1968 669 2000 7
695 1965 742 2001 cf.
763 1975 821 2010 ep.
841 1967 922 2000 510.
950 1963 1094 2000 Sievere
1114 1967 1194 1999 240.
1215 1963 1334 2000 Seeck
1353 1967 1421 1999 281
1484 1965 1506 1998 9
1520 1962 1566 1998 cf.
1581 1973 1642 2009 ep.

282 2015 363 2047 956.
396 2012 512 2048 Thuc.
533 2011 567 2047 V
588 2015 643 2055 1⁶,
659 2016 691 2048 3.
730 2011 773 2048 O.
792 2011 962 2055 Mueller,
982 2013 1068 2047 Ant.
1096 2010 1266 2047 Antioch.
1283 2014 1339 2048 19.
1378 2010 1521 2047 Sievers
1549 2014 1567 2046 1

285 2063 329 2095 18
355 2059 502 2096 Sievers
521 2063 645 2106 240,4.
674 2059 792 2096 Seeck
818 2063 899 2096 111.
925 2063 993 2095 331
1058 2062 1102 2095 14
1123 2058 1240 2095 Seeck
1266 2062 1334 2095 281
1388 2061 1433 2095 18
1459 2058 1642 2094 Themint.

284 2119 334 2142 or.
357 2107 406 2142 IV
431 2119 465 2152 p.
489 2107 578 2143 mh.
604 2109 726 2143 Amm.
746 2107 795 2146 M.
816 2106 904 2144 XVI
923 2111 958 2152 9,
972 2111 1059 2153 usq.
1088 2110 1143 2152 10,
1155 2110 1212 2143 21.
1251 2106 1418 2143 Silomon
1438 2109 1545 2151 διες.

357 2218 378 2250 3
405 2214 544 2252 ἔδωκεν
571 2215 665 2252 VVa
686 2216 693 2260 Ι
713 2214 758 2260 τὴ
761 2229 783 2251 ν
808 2225 869 2250 om
895 2215 931 2251 V
975 2218 997 2249 4
1022 2214 1256 2251 ἀπολώλεκεν
1282 2215 1337 2250 Va
1358 2215 1365 2260 Ι
1385 2226 1424 2250 τε
1449 2212 1612 2267 reposui·
1621 2223 1642 2248 e

284 2261 391 2298 libris
417 2261 460 2298 δὲ
485 2262 595 2299 Wolf
640 2263 648 2310 Ι
699 2262 838 2310 φήσας]
864 2261 936 2308 φέρ
938 2274 996 2298 ειν
1021 2263 1078 2298 Va
1102 2261 1169 2298 ned
1195 2273 1292 2308 supp
1266 2260 1308 2307 pl
1332 2261 1390 2297 m⁶
1467 2264 1489 2296 8
1513 2260 1578 2296 καὶ
1601 2260 1642 2296 in

283 2320 345 2344 ras
372 2313 393 2345 3
411 2309 475 2346 litt
493 2321 553 2346 om
573 2311 608 2347 V
625 2313 632 2357 Ι
652 2308 719 2347 τὸν
735 2311 823 2346 ante
842 2315 909 2346 τοῦ
929 2309 1030 2346 inser
1050 2309 1099 2346 V‘
1154 2313 1175 2346 9
1194 2307 1259 2346 τὸν
1278 2320 1339 2345 om
1359 2309 1396 2345 V
1441 2312 1485 2344 10
1505 2308 1642 2352 ἔξεστιν

293 2358 328 2392 V
347 2357 414 2393 ned
439 2368 483 2393 ex
509 2357 652 2401 ἐξέσται
675 2369 737 2394 ηε
762 2368 845 2394 corr
867 2357 926 2393 m‘
999 2361 1043 2394 16
1062 2356 1155 2403 μετὰ
1180 2356 1313 2403 scripsi
1332 2367 1353 2392 e
1380 2357 1475 2393 VVa
1498 2355 1572 2393 ὑπὸ
1590 2357 1643 2392 Vo

286 2403 452 2489 vva-IfRe
489 2409 531 2441 17
559 2404 764 2453 λαμβάνειν
791 2407 825 2442 V
855 2405 920 2441 ted
953 2416 974 2440 ο
1002 2406 1130 2453 λαβεῖν
1165 2416 1247 2441 corr
1277 2405 1334 2440 ω*
1441 2408 1487 2440 20
1519 2403 1643 2440 ὅπλων

286 2463 371 2488 conx
