1806 2964
637 222 907 260 Ems'rULAE
933 225 1124 259 εει-394
1236 202 1239 204 ’
1478 219 1567 264 389

188 338 258 381 καὶ
292 338 492 391 τοσαύτην
517 336 753 392 ἐπικουρίαν
779 336 990 389 δεξάμενος
1026 334 1122 388 μετὰ
1157 335 1292 389 φόβου
1328 338 1569 388 θαυμαστοῦ

189 405 259 447 τὸν
283 410 457 459 χειμῶνα
481 404 657 457 διῆλθον
673 399 895 456 Ὀλυμπίου
920 401 965 443 τὸ
990 400 1218 443 πεπωκέναι
1242 416 1282 442 τε
1307 399 1570 449 ἐπαινοῦντος

189 470 259 513 καὶ
278 471 511 518 κελεύοντος
529 463 655 518 αὖθις
679 462 749 524 ἦρι
772 472 891 509 πιεῖν.
933 469 971 509 3.
996 466 1086 523 ἄρτι
1106 466 1149 508 δὲ
1169 466 1477 521 ὑπολάμποντος
1495 465 1568 507 πό-

188 552 261 586 νος
286 535 447 591 ἰσχυρὸς
466 533 685 589 προσέπεσε
703 538 788 584 τοῖς
807 538 973 588 νεφροῖς
999 533 1146 588 βρόχον
1166 532 1402 588 ἀναγκάζων
1427 534 1569 585 ζητεῖν.

189 603 324 645 ἔπειτα
343 609 452 657 μῆνα
472 600 669 643 διαλιπὼν
681 599 897 654 προσέπεσε
910 599 1142 655 πικρότερος
1159 598 1227 640 καὶ
1245 598 1433 651 ἐποίησεν
1446 597 1569 652 ἀνάγ·
1607 611 1623 639 5

187 685 267 723 κην
291 669 544 724 πράγματος,
570 665 592 708 ὃ
619 666 819 708 διετέλουν
843 665 1179 720 ἀναβαλλόμενος.
1233 666 1462 719 Πανόλβιος
1492 663 1568 719 γὰρ

187 742 269 777 τῶν
294 734 424 776 ἄλλων
449 734 568 790 ἐλαίῳ
603 733 672 783 τὰς
706 732 933 788 ἀλγηδόνας
966 731 1190 782 ἀξιούντων
1221 732 1414 785 κοιμίζειν
1438 730 1570 783 τέμνει

188 816 259 855 μοι
283 799 426 854 φλέβα,
457 798 525 840 καὶ
551 797 662 856 ῥᾴων
688 797 761 852 μὲν
792 799 920 848 εὐθὺς
951 798 1162 854 ἐγενόμην,
1193 801 1362 853 θαρρεῖν
1395 796 1437 838 δὲ
1468 795 1569 849 ’ὑπὲρ

190 873 263 908 τοῦ
287 866 438 915 παντὸς
464 865 540 907 οὐκ
565 865 650 920 ἔχω.
690 867 731 905 4.
755 869 810 923 τῷ
832 865 972 906 τοίνυν
992 864 1173 906 ἐνταῦθα
1198 863 1284 906 ὄντι
1307 870 1459 916 κακῶν,
1482 870 1568 912 πῶς

189 931 242 974 ἂν
266 938 391 974 ταῦτα
416 932 625 987 διαφύγοι,
651 931 746 986 λέγε.
791 930 982 984 σοφιστὰς
1009 929 1053 972 δὲ
1078 929 1273 985 ἑτέρωθεν
1299 928 1566 984 μεταπέμπου.
1589 943 1623 970 ιο

189 998 258 1041 καὶ
289 998 420 1053 ὥσπερ
451 996 529 1052 ἐγὼ
555 995 598 1038 σὲ
629 998 827 1052 βούλομαι
851 1000 1040 1052 παρεῖναι
1064 1001 1117 1053 τῷ
1138 997 1311 1050 βασιλεῖ,
1343 996 1471 1044 οὕτως
1501 993 1569 1047 ἐμὲ

189 1065 240 1107 σὺ
265 1069 401 1107 νοσεῖν
425 1063 535 1119 παρὰ
559 1068 643 1113 τοῖς
669 1063 845 1117 οἰκείοις,
870 1063 1008 1117 ἐπειδὴ
1034 1066 1168 1104 νοσεῖν
1194 1061 1362 1117 ἀνάγκη.

827 1205 924 1251 ταδ’.
1494 1212 1544 1248 W
1571 1215 1639 1247 396

696 1290 910 1349 Ἀραβίῳ.
961 1302 1070 1346 (355)

252 1382 291 1419 1.
322 1377 443 1432 Παρὰ
468 1373 702 1419 Ἀπελλίωνι
735 1380 789 1434 τῷ
822 1381 977 1435 χρηστῷ
1005 1375 1096 1430 περὶ
1130 1371 1188 1417 ὧν
1221 1375 1451 1417 ἀδικεῖσθαι
1485 1371 1569 1431 φῂς
1590 1388 1623 1415 15

187 1442 365 1501 ἀγωνιῇ,
389 1450 532 1485 τοῦτον
557 1443 633 1498 γὰρ
663 1442 843 1492 ἀπέδειξέ
874 1455 937 1484 σοι
962 1442 1155 1495 δικαστὴν
1179 1441 1202 1485 ὃ
1226 1445 1413 1497 γενναῖος
1438 1445 1569 1496 Στρα-

187 1510 337 1565 τήγιος.
389 1509 411 1552 ὁ
444 1509 488 1551 δὲ
519 1509 623 1564 ἀνὴρ
654 1510 820 1563 πολίτης
844 1524 884 1550 τε
915 1508 1009 1562 ἐμὸς
1041 1508 1109 1550 καὶ
1134 1508 1275 1558 διδοὺς
1299 1506 1398 1562 ἡμῖν
1423 1508 1568 1561 σεμνύ-

187 1580 351 1618 νεσθαι·
379 1576 483 1618 οὕτω
508 1576 630 1625 καλός
649 1591 688 1616 τε
713 1574 897 1630 κάγαθὸς
915 1572 1020 1616 εἶναι
1044 1575 1240 1628 βούλεται.
1287 1577 1324 1616 2.
1352 1573 1500 1627 μαθὼν
1525 1572 1568 1615 δὲ

188 1638 286 1698 παρ’
301 1640 432 1696 ἡμῶν,
458 1642 565 1691 ὅστις
589 1642 674 1695 εἴης
698 1642 799 1696 πρὸς
823 1639 951 1696 ἡμᾶς,
975 1641 1152 1683 ε’κέλευσε
1176 1641 1345 1696 γράψαι,
1369 1639 1438 1681 καὶ
1461 1639 1567 1693 ὑπή-

188 1720 318 1750 κουσα
347 1707 519 1762 ἅσμενος
549 1709 725 1761 νομίζων
750 1707 915 1749 ἔσεσθαι
945 1707 1012 1748 καὶ
1045 1707 1109 1748 σοὶ
1133 1706 1202 1748 καὶ
1226 1711 1310 1756 τοῖς
1336 1711 1423 1755 σοῖς
1446 1722 1566 1747 κατα-
1587 1718 1622 1744 ‘zo

267 1850 310 1883 13
345 1848 395 1885 VI
417 1847 463 1894 γ’,
488 1847 555 1884 216'
580 1850 641 1895 (=
662 1847 752 1895 (ου’).
786 1848 844 1884 Va
869 1846 911 1893 ε’,
937 1846 1034 1895 [ια’].
1069 1848 1121 1884 Vo
1147 1846 1189 1892 ε’,
1217 1851 1257 1883 ιῖι

263 1984 286 2016 2
312 1979 359 2016 cf.
386 1991 444 2026 ep.
465 1983 550 2016 409.
577 1979 696 2017 Seeck
721 1983 791 2015 222
863 1983 908 2015 14
929 1979 1077 2016 Sievers
1099 1983 1182 2024 224,
1193 1984 1226 2016 4.
1254 1978 1376 2015 Seeck
1395 1981 1452 2014 81.
1474 1982 1543 2014 319

192 2030 237 2064 15
257 2027 306 2065 ef.
326 2039 385 2074 ep.
406 2032 490 2066 397.
516 2028 634 2065 Seeck
662 2031 708 2064 79
783 2031 828 2064 16
855 2028 979 2066 Amm.
1001 2028 1052 2065 M.
1072 2028 1143 2064 XV
1158 2032 1215 2073 13,
1233 2031 1264 2063 1.
1293 2026 1414 2063 Seeck
1439 2030 1509 2063 283

265 2168 287 2200 2
311 2172 363 2202 τῶ
390 2166 507 2203 VaVo
582 2170 604 2203 3
630 2166 967 2215 ὑπολαμβανοντος
985 2167 1026 2204 D
1100 2170 1124 2202 4
1149 2165 1300 2203 ἐνέπεσε
1324 2166 1366 2202 D
1399 2167 1405 2211 Ι
1427 2163 1566 2214 βρόχον

200 2214 238 2250 V
257 2214 324 2250 sed
348 2214 562 2260 πνιγμονὴν
595 2225 771 2261 suprascr
800 2214 860 2250 111³
951 2218 973 2250 9
998 2220 1128 2251 κακῶν
1159 2214 1193 2250 V
1211 2214 1278 2250 sed
1304 2227 1356 2249 ων
1387 2213 1426 2249 in
1452 2213 1512 2250 lac
1546 2218 1565 2249 1

192 2261 259 2298 litt
280 2261 339 2298 m⁸
419 2266 462 2298 12
489 2263 548 2300 σοὶ
576 2263 629 2299 Vo
673 2262 680 2311 1
726 2262 858 2309 ἐπειδὴ
889 2268 1017 2299 νοσεῖν
1042 2264 1101 2299 Va
1126 2262 1193 2299 sed
1225 2267 1352 2298 νοσεῖν
1377 2262 1440 2298 del
1466 2263 1504 2298 et
1526 2262 1567 2297 in

193 2309 287 2356 ήπερ
314 2321 397 2346 corr
420 2311 477 2345 m⁵
552 2315 597 2347 14
615 2309 777 2360 Ἀραβίῳ
803 2310 938 2358 scripsi
965 2322 985 2347 e
1007 2311 1101 2347 VVa
1139 2309 1311 2358 ἀρραβίῳ
1336 2310 1390 2347 Vo
1419 2309 1524 2346 Wolf

194 2361 239 2394 1⁶
265 2357 340 2404 φὴς
363 2357 452 2394 libri
471 2358 582 2395 Wolf
665 2362 709 2395 16
730 2359 874 2406 ἀγωνιῇ
893 2359 1104 2405 respexisse
1129 2358 1281 2395 videtur
1300 2360 1463 2404 excerpt.
1484 2358 1566 2394 cod.

191 2404 406 2444 Damstad.
428 2409 522 2442 2773
547 2406 611 2443 fol.
632 2410 723 2443 333v
748 2406 853 2453 ἀγὼν
877 2406 901 2453 ἡ
926 2406 1050 2452 κρίσις
1074 2407 1140 2443 καὶ
1165 2404 1396 2454 ἀγωνίζομαι
1419 2406 1462 2442 τὸ
1487 2405 1568 2450 κρί-

194 2467 329 2538 νγομαίἁ
345 2454 589 2549 ιίιίςιλέιβῗλνιος
604 2503 640 2541 V
664 2459 708 2491 19
735 2454 816 2501 εἴης
839 2455 975 2502 scripsi
1001 2465 1022 2492 e
1054 2455 1087 2491 V
1106 2455 1173 2491 sed
1193 2465 1214 2491 σ
1233 2454 1311 2490 add
1330 2454 1387 2489 m*
1425 2453 1484 2500 εἴη
1510 2455 1567 2490 Va

233 2513 255 2539 ο
330 2513 352 2538 o
451 2517 474 2539 κ
516 2515 578 2540 sva
635 2515 661 2540 a
