1806 2964
631 215 901 252 EP1STULAE
929 219 1036 252 20⁷-
1051 219 1122 252 208
1478 213 1562 257 191

837 339 911 395 ση’.
1493 346 1542 382 w
1568 349 1641 383 208

676 421 918 484 Ἀμπελίφ.
961 435 1070 479 (360)

247 512 284 550 1.
318 507 544 563 Μέμνησαι
575 516 655 551 τῶν
680 509 810 565 λόγων
835 509 1020 565 ἐκείνων,
1054 507 1117 560 οἷς
1141 525 1181 551 τε
1206 509 1327 560 αὐτὸς
1351 508 1450 564 ἐχρῶ
1475 508 1567 563 περὶ

183 581 256 617 τοῦ
275 575 361 616 δεῖν
380 575 427 616 τὰ
446 575 618 631 πρότερα
638 576 841 628 δίδοσθαι,
866 576 935 618 καὶ
959 584 1040 620 τῶν
1060 576 1182 631 ἐμῶν,
1207 578 1249 618 οἳ
1268 576 1313 618 τὸ
1332 579 1566 618 πεπαῦσθαι

183 640 259 695 τὴν
290 641 406 683 δόσιν
436 637 629 700 ἐπῄνουν.
675 644 713 684 2.
746 647 829 693 τοῖς
860 643 998 694 αὐτοῖς
1023 642 1076 697 δὴ
1100 642 1169 684 καὶ
1195 649 1271 685 νῦν
1295 641 1477 697 ἐμμένων
1503 658 1566 695 μι-
1604 655 1622 683 ⁸

184 707 284 763 κρόν
307 724 345 749 τι
369 714 450 750 τῶν
474 707 697 763 εἰρημένων
723 715 962 764 μεταστῆσαι
986 710 1195 764 βούλομαι.
1234 709 1365 762 ὥσπερ
1389 708 1466 764 γὰρ
1484 707 1565 762 ἤδη

185 790 246 824 τις
270 773 336 816 ἐπὶ
360 775 514 825 πάντας
538 773 650 830 ἄγων
674 776 785 833 νόμῳ
811 776 855 818 τὸ
880 779 1123 831 λειτουργεῖν
1147 775 1242 826 τοὺς
1263 771 1334 828 ἀφ’
1350 770 1567 830 Ἁρμοδίου

184 847 256 895 τῆς
280 840 460 896 ἀνάγκης
491 841 668 893 ἐξείλετο,
696 842 825 892 οὕτως
855 842 977 892 αὐτὸς
1008 841 1119 898 λέγω·
1148 841 1381 897 λαμβανέτω
1410 842 1462 895 δὴ
1489 857 1566 895 μη-

187 906 270 957 δεὶς
294 907 401 962 πλὴν
416 903 592 964 Ἱλαρίου
617 915 690 951 τοῦ
711 909 895 965 ῥήτορος,
913 906 963 950 ὃν
988 908 1068 951 ἔδει
1087 907 1161 963 μὲν
1179 908 1437 962 εὐδαιμονεῖν
1462 908 1568 950 οἴκοι

185 973 254 1017 καὶ
271 978 475 1030 γεωργεῖν,
501 971 695 1026 ἐξωσθεὶς
721 974 765 1017 δὲ
788 974 869 1018 ’ὑπὸ
894 982 975 1018 τῶν
999 974 1257 1030 βιασαμένων
1283 971 1372 1016 οὐδ’
1395 973 1475 1016 ἀπὸ
1495 980 1567 1028 τῆς
1587 989 1623 1016 ιο

185 1041 360 1095 γλώττης
384 1039 461 1098 ὁρᾷ
484 1040 655 1097 καρπόν,
679 1040 778 1083 ἀλλὰ
801 1043 846 1084 τὸ
872 1048 944 1096 τῆς
967 1041 1203 1098 παροιμίας·

189 1114 381 1173 Δελφὸς
404 1118 528 1175 ἀνὴρ
554 1119 804 1173 στέφανον
829 1118 914 1173 μὲν
939 1119 1053 1174 ἔχει,
1078 1120 1216 1173 δίψει
1241 1116 1279 1161 δ’
1307 1118 1566 1161 ἀπόλωλεν.

184 1197 312 1247 οὕτως
350 1197 400 1240 οὗ
436 1194 534 1255 παρ’
557 1190 589 1256 ᾧ
620 1199 750 1254 λόγοι,
786 1198 915 1257 τούτῳ
959 1198 1159 1253 πρόσοδος
1197 1197 1277 1240 ἀπὸ
1313 1204 1384 1252 τῆς
1414 1197 1568 1252 τέχνης,

186 1262 262 1317 τὴν
292 1262 337 1306 δὲ
367 1264 501 1306 αἰτίαν
531 1263 650 1314 ἄλλος
680 1265 851 1318 ζητείτω.
897 1267 936 1306 3.
967 1265 1084 1307 τοῦτό
1114 1280 1159 1320 γε
1191 1264 1274 1318 μὴν
1304 1263 1403 1318 ἐμὸν
1426 1264 1568 1317 εἰπεῖν,

189 1328 258 1385 ὧς,
282 1331 320 1373 εἰ
343 1331 399 1385 μὴ
426 1331 625 1384 φυλάξαις
649 1330 790 1386 τάνδρὶ
808 1331 928 1384 τήνδε
946 1331 1022 1385 τὴν
1042 1330 1294 1385 καταφυγήν,
1319 1326 1416 1372 οὔθ’
1439 1328 1461 1372 ὁ
1475 1327 1568 1385 Ἑρ·
1588 1343 1624 1372 ιε

189 1403 267 1451 μῆς
292 1398 392 1440 οἴσει
416 1396 556 1455 πρᾴως
580 1398 709 1448 δόξεις
733 1413 773 1439 τε
792 1397 1052 1452 ἐπιλελῆσθαι
1070 1404 1140 1451 τῆς
1160 1397 1351 1450 φιλτάτης
1370 1409 1435 1438 σοι
1452 1399 1568 1438 Καπ-

187 1464 385 1514 παδοκίας
409 1462 525 1518 ἡμεῖς
549 1479 590 1506 τε
615 1463 897 1519 ἀθυμήσομεν,
921 1463 999 1505 κᾶν
1024 1463 1079 1518 μὴ
1106 1464 1369 1518 μεμφώμεθα.
1406 1465 1445 1504 4.
1472 1460 1569 1517 ἀλλ’,

190 1525 222 1571 ὦ
240 1535 412 1585 γενναῖε,
428 1534 547 1572 πεῖθε
566 1531 637 1573 τὸν
654 1531 865 1587 κράτιστον
880 1526 1087 1572 Ἐλπίδιον
1108 1530 1247 1580 σώζειν
1264 1529 1332 1570 καὶ
1350 1528 1421 1570 τὸν
1439 1528 1569 1584 ἄνδρα

190 1595 258 1637 καὶ
281 1597 353 1639 τὸν
376 1597 515 1639 παῖδα.
558 1603 630 1651 τῆς
655 1597 781 1652 αὐτῆς
806 1596 850 1639 δὲ
874 1596 1018 1652 ἀρετῆς
1042 1595 1265 1649 ἀφελέσθαι
1296 1611 1335 1637 τε
1360 1595 1433 1645 οὓς
1457 1594 1567 1638 εὔλο-

265 1728 284 1760 1
318 1725 388 1762 Vn
409 1721 459 1770 α’,
484 1724 578 1770 ρπζ.
607 1726 662 1762 Va
686 1724 733 1772 γ’,
759 1724 807 1762 δ’.
842 1726 894 1762 Vo
920 1724 967 1771 γ’,
993 1724 1029 1762 δ’

267 1849 290 1881 2
317 1845 364 1882 cf.
385 1858 443 1892 ep.
464 1849 547 1882 207.
592 1845 738 1883 Sievers
764 1850 810 1883 83
842 1848 918 1882 not.
939 1849 996 1883 74.
1036 1845 1156 1883 Seeck
1187 1849 1244 1882 58.
1272 1849 1353 1881 372.
1399 1844 1568 1881 Silomon

194 1897 239 1930 41
252 1905 306 1940 sq.
359 1898 379 1930 7
407 1894 598 1941 Leptines.
619 1895 666 1931 cf.
686 1895 792 1932 Dem.
820 1894 871 1930 Le
901 1896 925 1931 t.
947 1899 967 1938 ξ
988 1898 1034 1931 18
1059 1907 1096 1941 p.
1117 1897 1201 1938 462,
1218 1897 1261 1930 19
1313 1897 1334 1929 9
1356 1893 1403 1930 cf.
1425 1905 1482 1939 ep.
1498 1896 1567 1928 207

194 1945 239 1977 12
264 1941 376 1989 Diog.
404 1942 457 1978 IV
471 1947 529 1979 26.
556 1942 660 1980 Suid.
672 1955 701 1980 s.
713 1955 746 1980 v.
758 1907 916 1989 Δελφεξλς.
943 1942 1144 1979 Salzmann
1155 1945 1223 1978 237
1300 1945 1344 1978 19
1366 1941 1486 1979 Seeck
1500 1944 1569 1977 1⁶8

266 2065 289 2097 4
313 2061 357 2098 τὸ
383 2061 517 2108 scripsi
550 2065 704 2100 auctore
730 2063 786 2099 Re
816 2061 901 2099 τότε
931 2062 1022 2098 libri
1046 2061 1156 2099 Wolf
1232 2065 1252 2097 ’1
1279 2061 1421 2108 νόμους
1443 2067 1513 2098 τοῦ
1539 2062 1573 2098 V

194 2109 262 2146 sed
287 2123 316 2145 ω
341 2122 384 2147 το
410 2121 588 2157 suprascr
611 2110 669 2146 m⁴
752 2115 772 2147 7
799 2111 865 2147 καὶ
883 2108 1190 2159 Ἀριστογείτονος
1213 2121 1304 2146 num
1329 2111 1418 2156 post
1443 2108 1571 2156 Ἀρμο-

195 2155 283 2194 δίου
313 2157 558 2202 inserendum
583 2159 657 2195 coll
675 2158 782 2195 Dem.
807 2159 832 2196 1.
852 2158 878 2194 1.
897 2160 926 2195 t.
946 2159 979 2194 11
1001 2162 1058 2204 18,
1073 2163 1113 2204 2ς
1138 2158 1172 2195 V
1191 2161 1249 2203 53,
1265 2161 1321 2203 193
1347 2157 1399 2194 VI
1420 2161 1503 2204 354,
1523 2161 1570 2193 8?

243 2209 266 2242 8
293 2205 450 2250 ἐξείλετο
476 2206 612 2253 scripsi
636 2218 657 2244 ο
684 2208 802 2244 VaVo
827 2207 896 2243 ssd
913 2206 955 2243 in
973 2206 1046 2244 hoc
1065 2207 1104 2250 ἐξ
1129 2206 1231 2242 inser
1248 2206 1317 2251 ιη’,
1342 2208 1386 2242 ut
1409 2205 1496 2242 coni
1514 2205 1571 2242 Ro

195 2252 313 2290 εἵλετο
342 2255 378 2292 V
397 2254 508 2291 Wolf
538 2257 545 2302 Ι
576 2255 626 2301 δὴ
651 2256 784 2302 μηδεὶς
807 2255 962 2302 ‘reposui
987 2266 1009 2291 e
1033 2254 1142 2290 libris
1179 2253 1227 2291 δὲ·
1247 2255 1374 2296 οὐδεὶς
1392 2253 1503 2290 Wolf

195 2305 217 2337 9
237 2300 386 2347 ίλαρίου
407 2303 464 2340 Va
527 2307 572 2339 12
591 2301 700 2350 δίψει
718 2303 854 2350 scripsi
873 2315 894 2340 s
913 2304 949 2340 V
969 2302 1073 2339 Suid.
1089 2302 1164 2339 coll
1183 2302 1242 2339 t.1
1262 2307 1345 2347 525,
1359 2306 1403 2348 2;
1434 2301 1469 2338 11
1487 2305 1572 2345 516,

196 2352 259 2394 14ς
284 2349 336 2386 1v
351 2354 433 2395 262,
447 2354 491 2396 83
510 2350 546 2388 V
564 2355 648 2397 425,
662 2355 684 2387 8
728 2350 825 2399 δίψῃ
842 2351 961 2389 VaVo
985 2350 1095 2387 Wolf
1159 2354 1204 2387 15
1223 2350 1393 2398 φυλάξῃς
1419 2349 1578 2387 VWolf

195 2408 287 2433 num
311 2398 515 2444 φυλάξειςῖ
592 2403 637 2436 1⁶
662 2399 794 2446 πράως
821 2400 857 2437 V
924 2402 969 2435 19
993 2400 1179 2446 punctum
1203 2400 1292 2445 post
1315 2399 1438 2435 παῖδα
1463 2397 1573 2445 posui

197 2456 284 2482 cum
308 2446 365 2483 Re
391 2447 502 2484 colon
528 2448 565 2484 V
596 2447 706 2484 colon
730 2449 819 2494 post
842 2448 979 2495 ἀρετῆς
1006 2448 1057 2485 Vo
1082 2446 1192 2484 Wolf
1230 2457 1292 2484 om
1319 2447 1374 2484 Va
1407 2448 1413 2495 Ι
1447 2447 1491 2484 δὲ
1515 2445 1575 2482 in·

197 2493 299 2530 serui
323 2505 344 2530 s
371 2495 405 2532 V
446 2506 507 2532 om
534 2496 652 2533 VaVo
676 2495 787 2532 Wolf
