1806 2964
612 232 883 270 EPISTULAE
909 235 1101 269 εει-282
1216 221 1218 223 ’
1459 229 1547 272 26ἰ·

803 365 909 425 σπβ’.
1275 374 1324 410 W
1350 377 1420 411 285
1435 372 1545 421 (Ceut
1561 376 1622 420 99)

633 451 938 513 Ἀλεξάνδρῳ.
972 458 1081 503 (358)

235 546 272 584 1.
301 541 390 584 Οὐκ
414 539 491 594 ἄρα
516 540 676 596 εἵμαρτο
701 546 749 597 τῇ
774 540 954 596 Βιθυνίᾳ
985 539 1059 592 τὴν
1083 539 1198 593 χείρω
1230 538 1355 592 τύχην
1388 535 1548 577 ἀθάνα-

177 623 245 650 τον
268 606 470 663 γενέσθαι.
503 606 571 648 διὰ
602 613 719 648 τοῦτο
743 602 872 661 ἦλθεν
898 605 1110 659 ιάσόμενος
1134 602 1180 654 ὃς
1204 604 1404 646 ἐπίσταται
1432 607 1548 643 τοῦτο

175 678 317 716 ποιεῖν.
349 673 401 715 σὺ
426 673 503 729 γὰρ
528 671 751 728 ἄνθρωπον
777 671 851 726 μὲν
875 676 1076 714 τεθνεῶτα
1101 670 1178 713 οὐκ
1211 669 1262 712 ἂν
1293 668 1549 722 ἀναστήσαις,
1586 682 1602 710 ε

172 741 304 795 ὥσπερ
340 740 385 782 ἐν
418 739 589 793 μύθοις,
619 739 755 788 πόλεις
780 736 819 780 δ’
849 737 901 780 ἂν
935 737 1146 792 οἰχομένας
1176 738 1298 779 πάλιν
1328 737 1385 786 εἰς
1416 741 1548 789 σχῆμα

171 806 438 860 καταστήσαις
462 805 629 847 πόλεων.
661 803 684 847 ὃ
710 805 762 859 δὴ
788 811 866 846 νῦν
892 808 1032 854 ποιεῖς.
1064 803 1247 859 λέγονται
1270 803 1345 859 γὰρ
1372 802 1549 856 ἀναβιῶ-

169 889 249 914 ναι.
279 872 349 915 καὶ
380 872 611 926 κομίσαιντό
643 887 687 926 γε
718 872 762 914 τὸ
795 871 1009 926 πρότερον,
1044 866 1075 912 ὦ
1107 871 1219 924 θεοί,
1253 870 1396 918 κάλλος
1427 869 1546 909 ἅπαν.

175 941 213 980 2.
245 939 370 994 χαίρω
403 937 447 980 δὲ
479 938 622 995 διπλῇ,
653 942 707 995 τῷ
739 953 778 979 τε
811 936 854 979 σὲ
884 937 955 980 τὸν
986 932 1032 979 εὖ
1064 942 1260 978 ποιοῦντα
1293 932 1398 977 εἶναι
1428 938 1482 991 τῷ
1508 949 1547 975 τε

167 1005 379 1055 Βιθυνοὺς
403 1005 498 1055 τοὺς
522 999 568 1046 εὖ
592 1005 817 1059 πάσχοντας
842 1000 958 1045 εἶναι.
991 1004 1041 1045 σύ
1056 1019 1096 1046 τε
1115 1002 1191 1059 γὰρ
1209 1007 1306 1052 παῖς
1324 1002 1419 1056 ἐμὸς
1443 1001 1487 1042 τό
1506 1015 1546 1042 τε
1566 1014 1603 1041 ιο

168 1071 292 1121 ἔθνος
317 1070 407 1112 ἀντὶ
430 1071 623 1126 πατρίδος
647 1070 746 1124 ἐμοί.
789 1069 858 1111 καὶ
892 1068 1021 1128 διῄειν
1045 1068 1098 1111 ἄν
1129 1082 1194 1110 σοι
1217 1068 1292 1122 τήν
1322 1083 1363 1110 τε
1393 1067 1545 1109 ὑποδο-

169 1137 247 1192 χὴν
270 1136 340 1178 καὶ
367 1136 524 1192 χρόνων
548 1135 712 1178 ἐκείνων
737 1136 963 1189 εὐθυμίαν,
987 1136 1026 1178 εἰ
1048 1135 1104 1189 μὴ
1131 1130 1183 1189 ἧν
1215 1135 1323 1194 αὐτῷ
1351 1133 1415 1176 σοὶ
1446 1133 1547 1189 πρὸς

168 1202 315 1253 ἄλλους
341 1202 463 1244 εἰδότι
487 1202 626 1258 λέγειν.
673 1205 710 1244 3.
738 1201 792 1256 ἣν
818 1197 895 1244 οὖν
920 1198 1027 1257 εἶχον
1051 1201 1103 1243 ἂν
1129 1199 1299 1255 ἡδονήν,
1324 1201 1365 1242 εἴ
1378 1216 1448 1254 μοι
1471 1199 1546 1253 τὴν

170 1269 413 1324 ἕνεγκοῢσαν
438 1268 625 1324 ὠφέλεις,
660 1270 810 1322 ταύτην
835 1269 909 1323 ἔχω
935 1275 1032 1322 νῦν,
1057 1267 1194 1321 ἐπειδὴ
1226 1267 1300 1321 τὴν
1333 1266 1452 1309 οὐδέν
1477 1282 1547 1321 μοι

168 1334 334 1389 ταυτησὶ
354 1335 546 1389 δευτέραν
565 1335 674 1384 ὅπως
699 1335 765 1377 οἵα
791 1335 984 1390 πρότερον
1009 1329 1063 1389 ἧν
1083 1335 1231 1388 φανείη
1255 1334 1388 1375 πάντα
1405 1337 1545 1383 ποιεῖς.
1565 1345 1600 1373 ιδ

241 1468 261 1500 1
296 1465 364 1501 Vn
386 1463 435 1504 α’,
461 1463 552 1508 σξδ’.
587 1465 643 1502 Va
668 1463 714 1510 γ’,
740 1467 780 1500 ἦ.
815 1464 865 1501 Vo
890 1464 936 1511 γ’,
969 1465 1014 1512 [π
1040 1463 1117 1500 add
1141 1464 1226 1512 m⁸].
1259 1463 1289 1500 S
1311 1463 1358 1512 β’,
1384 1463 1459 1500 λθ’.
1499 1464 1546 1501 Vi

167 1510 240 1548 23¹.
273 1512 375 1548 Vinci
400 1511 456 1559 οβ’

239 1647 262 1678 2
288 1643 436 1680 Sievers
451 1647 496 1680 ‘18
515 1645 594 1680 not.
615 1648 673 1681 48.
701 1644 822 1682 Seeck
835 1649 894 1682 52.
909 1648 990 1681 377.
1018 1645 1187 1682 Silomon
1207 1649 1251 1681 47

177 1823 192 1835 „
241 1780 262 1811 2
282 1774 487 1836 ε’1’πεαρ.ξχίι,ι)
513 1777 544 1815 S
614 1781 636 1813 3
665 1778 747 1814 Οὐκ
767 1799 813 1805 -
837 1783 861 1814 4
886 1777 1068 1839 χενέσθαι
1097 1779 1332 1839 Ῑ>ι·ε;ειῑιιὶειεὶεἱ
1351 1777 1474 1814 verbis
1499 1779 1543 1839 τὸ

168 1825 1199 1921 {iffifissassfflz‘zpsszzffzgf255²²12513⁰dit553⁶13533f÷⁹
1235 1827 1543 1912 '532531-51‘51‘3

176 1920 275 1958 Vind
348 1926 369 1956 6
397 1921 620 1966 ἀναστήσεις
653 1923 692 1958 et
719 1926 737 1958 7
764 1923 1007 1967 καταστήσεις
1031 1923 1140 1960 Wolf
1222 1928 1244 1958 6
1269 1921 1387 1965 αὖθις
1415 1924 1470 1960 Va

170 1971 190 2003 '2
218 1966 238 2005 ὃ
264 1968 401 2015 scripsi
426 1981 447 2005 e
467 1969 550 2007 SVi
574 1969 599 2006 ἃ
624 1969 762 2017 reliqui
787 1970 877 2007 libri
903 1971 1014 2007 Wolf
1054 1974 1059 2017 Ι
1105 1972 1172 2008 καὶ
1197 1973 1288 2008 ante
1313 1977 1385 2008 νῦν
1411 1971 1459 2008 Vi

171 2019 192 2050 8
217 2015 438 2063 κομίσαιντό
464 2030 506 2063 γε
530 2017 684 2065 reposui
702 2030 723 2055 e
742 2018 851 2055 libris
877 2021 921 2055 ut
940 2020 1026 2056 coni
1044 2020 1100 2056 Re
1136 2017 1292 2066 κομίσαι
1309 2019 1397 2066 τόγε
1416 2019 1525 2056 Wolf
1534 2021 1540 2067 1

170 2095 199 2134 ὦ
223 2100 310 2136 θεοὶ
337 2100 379 2137 τὸ
404 2100 590 2147 πρότερον
617 2103 664 2139 Vi
738 2106 759 2138 9
785 2101 828 2138 δὲ
855 2103 990 2150 scripsi
1014 2115 1035 2140 ο
1062 2104 1219 2141 ViVind
1253 2080 1300 2149 δῖ,
1319 2104 1349 2141 s
1372 2104 1419 2150 δὴ
1447 2105 1543 2141 VVa

177 2147 230 2184 Vo
257 2147 366 2184 Wolf
450 2153 494 2185 10
521 2147 622 2187 εἶναι
647 2161 707 2186 om
734 2151 764 2187 S
837 2155 879 2187 11
907 2151 1030 2200 ὃιῄειν
1056 2152 1191 2198 scripsi
1211 2163 1231 2187 e
1259 2153 1414 2189 VVaVo
1440 2154 1543 2199 διῆλ-

167 2196 338 2233 &ovSVi
347 2197 447 2234 Vind
459 2197 568 2234 Wolf
616 2202 660 2234 12
675 2197 827 2245 ἐκείνην
838 2202 924 2245 post
942 2199 1137 2247 ὑποδοχὴν
1164 2201 1211 2236 Vi
1231 2202 1237 2246 Ι
1259 2199 1451 2247 εὐφημίαν
1473 2202 1539 2250 Vi!

169 2243 272 2279 αὐτῶ
297 2255 359 2280 om
386 2245 415 2282 S
438 2245 506 2282 sed
531 2260 578 2294 γρ
603 2246 644 2282 in
669 2258 778 2293 marg
884 2252 928 2283 13
955 2248 1136 2293 ἀλλήλους
1162 2249 1280 2284 VaVo
1305 2250 1372 2285 sed
1398 2250 1438 2284 in
1470 2249 1542 2285 hoc

167 2291 210 2326 in
235 2281 371 2335 ἄλλους
398 2304 480 2329 corr
504 2294 561 2330 m⁸
581 2296 588 2341 Ι
610 2294 755 2332 εἰδέναι
780 2295 811 2332 S
833 2296 900 2332 sed
925 2310 970 2343 γρ
996 2294 1114 2332 εἰδότι
1138 2296 1179 2332 in
1205 2307 1314 2344 marg
1334 2299 1340 2344 Ι
1362 2292 1411 2343 ἦν
1438 2298 1493 2334 Va

170 2342 215 2374 14
225 2350 279 2386 sq.
299 2340 370 2387 τὴν
389 2339 505 2379 οὐδέν
523 2356 588 2388 μοι
607 2343 761 2389 ταυτησὶ
781 2343 918 2390 scripsi
937 2355 957 2380 e
984 2344 1042 2380 Va
1077 2343 1147 2390 τὴν
1167 2343 1281 2381 οὐδέν
1300 2359 1364 2392 μοι
1382 2346 1541 2391 ταυτηνὶ

176 2387 229 2423 Vo
265 2387 335 2434 τὴν
360 2388 475 2426 οὐδὲν
500 2391 658 2437 ταυτηνὶ
686 2392 722 2427 V
751 2405 815 2437 μοι
839 2393 909 2438 τὴν
935 2391 1050 2429 οὐδὲν
1073 2393 1232 2438 ταυτηνὶ
1258 2394 1358 2430 Vind
1389 2407 1453 2440 μοι
1471 2393 1542 2439 τὴν

170 2458 282 2496 οὐδὲν
306 2458 454 2507 ἐκείνης
484 2463 643 2506 ταυτηνὶ
668 2462 717 2498 Vi
753 2476 818 2509 μοι
847 2463 919 2510 τὴν
952 2462 1065 2500 οὐδὲν
1097 2454 1212 2509 haffn
1242 2466 1400 2513 ταυτηνὶ
1425 2466 1456 2504 S
1477 2480 1542 2513 μοι

167 2505 237 2552 τὴν
262 2508 374 2546 οὐδὲν
399 2509 538 2556 ταύτης
563 2509 672 2547 Wolf
