1806 2964
629 180 904 218 EPISTULAE
930 184 1121 217 226—229
1218 182 1221 184 ’
1477 180 1566 224 213

185 294 387 349 μνησθεὶς
418 294 577 350 ἑτέρους
607 293 883 350 προσέθηκεν,
915 293 1080 348 οὐδέν,
1111 294 1238 349 ἔφην,
1271 306 1320 336 σε
1352 295 1432 336 δεῖ
1455 293 1568 348 μετὰ

185 361 268 403 τὸν
294 357 524 415 ε,Ηρακλέα
555 367 645 415 τῆς
677 361 884 415 συκίνης
916 360 1210 416 ἐπικουρίας.
1256 361 1365 411 ὅπως
1401 355 1478 403 οὖν
1516 365 1571 420 τῷ

179 423 422 485 Ἡρακλείδῃ
449 428 589 478 δείξεις
614 426 684 469 τὸν
706 423 914 483 Ἡρακλέα.

851 594 945 638 σκθ’
1061 592 1110 628 W
1130 596 1202 629 230
1222 593 1378 640 (Aneod.
1398 595 1425 629 t.
1440 592 1492 629 111
1505 605 1542 639 p.
1557 594 1645 640 269)

657 685 901 740 Αμμιανῷ.
943 689 1082 738 (360.2)

247 770 286 809 1.
316 767 370 810 Τὸ
397 766 469 821 μὲν
495 765 666 820 ὠφελεῖν
691 766 787 816 τοὺς
817 763 908 822 παρ’
931 765 1048 821 ἡμῶν
1074 765 1129 817 ὡς
1155 765 1197 808 σὲ
1224 768 1360 817 ἰόντας
1384 766 1452 808 καὶ
1476 783 1572 822 χρη-

183 841 280 876 στοῦ
305 833 373 876 καὶ
399 834 536 886 φίλου,
560 833 605 875 τὸ
631 831 674 874 δὲ
699 834 909 888 χαίροντας
934 833 1034 876 ἄνευ
1053 834 1298 890 γραμμάτων
1317 832 1572 888 ἀποπέμπειν

183 900 234 943 οὐ
259 899 487 955 κηδομένου
514 901 656 954 φίλου,
681 900 843 956 πάντως
868 899 912 942 δὲ
937 899 1076 956 ἀργοῦ.
1114 902 1183 942 δεῖ
1201 899 1246 942 δέ
1270 913 1313 943 σε
1338 896 1419 942 κατ’
1447 899 1571 954 ἄμφω

181 967 367 1022 γράφειν,
391 966 460 1008 καὶ
485 968 725 1021 βοηθοῦντα
749 966 818 1008 καὶ
838 967 912 1020 μή,
938 968 1006 1009 ἵνα
1026 974 1104 1009 νῦν
1124 966 1197 1022 μὲν
1217 967 1273 1021 μὴ
1293 968 1337 1009 τὸ
1358 968 1492 1022 μεῖζον
1512 968 1569 1008 δι-

181 1034 280 1083 δοὺς
306 1037 472 1091 φθονῇς
497 1039 570 1075 τοῦ
591 1032 792 1088 δευτέρου,
815 1039 894 1074 νῦν
921 1031 964 1075 δὲ
983 1032 1073 1075 ἀντὶ
1093 1040 1164 1076 τοῦ
1184 1035 1365 1088 μείζονος
1383 1049 1570 1091 παραμυ-
1590 1050 1625 1076 ιο

179 1104 308 1154 θῆται
334 1100 378 1143 τὸ
404 1101 604 1156 δεύτερον.
644 1103 682 1142 2.
703 1095 790 1141 ἀλλ’
806 1096 1072 1156 (Ηρακλείδης
1098 1100 1235 1143 οὑτοσὶ
1259 1100 1329 1142 καὶ
1347 1100 1570 1157 τυγχανέτω

181 1167 378 1221 προνοίας
396 1166 464 1208 καὶ
483 1166 673 1220 κομιζέτω
692 1167 914 1222 γράμματα.
935 1167 1092 1217 δίκαιος
1111 1166 1155 1209 δὲ
1174 1163 1213 1209 εἷ
1226 1170 1439 1223 συλλαβεῖν
1451 1167 1572 1223 ἀνδρὶ

179 1233 284 1291 φίλῳ
305 1234 537 1288 Καβειρίου.
575 1234 793 1289 Καβείριος
819 1232 863 1275 δὲ
889 1230 950 1283 οἷς
975 1233 1191 1287 ἐκήδευσεν
1211 1231 1347 1277 οἶσθα.
1380 1235 1419 1276 εἰ
1437 1233 1480 1276 δὲ
1502 1234 1570 1276 καὶ

179 1299 332 1354 μισθὸν
355 1299 508 1342 τελέσαι
533 1301 606 1353 δεῖ,
631 1299 759 1342 πολλὰ
784 1298 835 1341 ἅν
861 1313 925 1342 σοι
946 1300 1182 1356 διηγήσαιτο
1202 1301 1293 1357 περὶ
1311 1307 1383 1343 τοῦ
1404 1302 1568 1343 Νείλου.

177 1366 246 1409 καὶ
269 1368 310 1409 τί
331 1366 384 1408 ἂν
409 1370 543 1421 μεῖζον
565 1364 784 1423 Ἀμμιανὸς
810 1369 969 1423 ζητοίη;
1588 1382 1622 1409 15

250 1525 273 1557 4
307 1521 375 1558 VH
397 1519 448 1566 α’,
473 1519 533 1558 σι’.
568 1521 624 1558 Va
647 1519 695 1568 γ’,
720 1517 787 1564 κζ’.
823 1521 875 1558 Vo
900 1521 947 1568 γ’,
974 1520 1040 1565 κζ’.
1068 1521 1126 1558 Be
1150 1535 1199 1568 μη

250 1671 272 1702 2
299 1666 346 1702 cf.
367 1676 427 1713 ep.
448 1670 507 1703 52.
534 1669 619 1703 630.
648 1670 730 1702 701.
765 1666 894 1713 Synos.
922 1679 980 1713 op.
1004 1670 1084 1703 125.
1120 1666 1324 1704 Salzmann
1351 1670 1396 1703 86
1472 1671 1493 1703 5
1514 1667 1558 1703 cf

177 1726 236 1763 ep.
258 1719 340 1752 215.
362 1718 444 1751 228.
472 1714 618 1751 Sievers
644 1718 727 1760 286,
742 1719 775 1751 3.
802 1715 923 1752 Seeck
949 1719 1008 1752 67.
1029 1719 1110 1753 373.
1139 1714 1310 1752 Silomon
1329 1719 1376 1752 48
1447 1720 1490 1751 11
1512 1715 1556 1752 cf

176 1773 234 1810 ep.
255 1766 337 1800 294.
358 1766 430 1799 295
505 1766 551 1799 14
577 1762 625 1800 cf.
645 1775 703 1810 op.
725 1767 808 1809 229,
822 1767 844 1799 2

250 1912 269 1943 1
297 1918 356 1944 σοι
374 1907 484 1944 Wolf
499 1908 560 1944 An
580 1910 620 1945 et
639 1909 726 1945 coni
745 1909 801 1946 Re
826 1909 990 1946 fortasse
1021 1911 1124 1946 recte
1220 1914 1241 1945 2
1267 1914 1335 1956 τῆς
1348 1930 1394 1937 -
1409 1913 1431 1945 3
1452 1908 1550 1956 Ἡρα

177 1954 268 1992 κλέα
292 1967 354 1992 om
381 1957 539 1994 VVaVo
618 1962 686 2004 τῆς
716 1969 780 1994 om
803 1957 914 1995 Wolf
941 1958 1002 1994 An
1078 1962 1099 1994 3
1126 1957 1254 2005 δείξῃς
1277 1958 1364 1994 coni
1388 1957 1499 1994 Wolf

180 2008 202 2040 6
227 2005 294 2040 καὶ
318 2015 380 2041 om
408 2006 442 2042 V
512 2009 533 2042 '1
587 2019 653 2042 νευ
679 2005 910 2053 γραμμάτων
944 2018 1007 2042 om
1033 2007 1092 2044 Be
1123 2006 1234 2043 Wolf
1255 2006 1317 2042 An
1410 2009 1432 2042 8
1459 2007 1505 2043 οὐ
1521 2028 1566 2033 --

179 2051 315 2101 ἀργοῦ]
341 2053 407 2089 καὶ
439 2052 553 2100 ἄμφω
577 2053 800 2103 ὑπερβαίνει
820 2055 877 2091 Be
903 2054 1014 2091 Wolf
1035 2056 1096 2091 An
1155 2057 1161 2100 Ι
1223 2054 1411 2101 κατάμφω
1440 2056 1493 2092 Vo

181 2104 226 2136 10
250 2103 529 2149 παραμυθῆται
548 2103 606 2139 Be
631 2103 699 2139 sed
724 2117 748 2149 η
774 2102 816 2138 in
841 2116 875 2140 ει
901 2114 984 2140 corr
1060 2107 1104 2139 11
1133 2103 1270 2140 οὑτωσὶ
1295 2103 1331 2139 V

251 2248 274 2280 3
299 2244 422 2292 ὥσπερ
449 2246 592 2291 ἔδειξεν
618 2247 639 2284 ὁ
664 2253 732 2284 τοῦ
758 2248 855 2290 Διὸς
874 2246 1066 2294 “Ηρακλῆς
1096 2254 1177 2291 τοῖς
1196 2246 1463 2294 Ἡρακλείδαις
1486 2255 1568 2291 τοῖς

179 2291 351 2339 ἐγγόνοις
375 2294 551 2341 δηλονότι
578 2295 716 2334 ἑαυτόν
741 2296 782 2331 in
806 2307 919 2344 marg
944 2297 1002 2333 Be
