1806 2964
292 225 380 268 362
877 223 1062 260 LIBANII

291 334 396 389 νου)
421 336 531 385 ἐκτὸς
556 336 806 390 εὖφραίνοιο,
830 342 946 377 τοῦτο
972 335 1087 376 ἔστιν.
1126 335 1213 376 ὅσοι
1235 335 1306 376 τὸν
1330 335 1448 389 λόγον
1473 334 1653 384 ἐδέξαντο

291 407 364 442 τοῦ
382 402 625 456 πράγματος,
649 407 831 442 τοσοῦτοι
849 400 917 441 καὶ
936 398 1092 453 ἡδονὴν
1111 399 1206 454 μετὰ
1224 407 1295 442 τοῦ
1320 400 1451 454 λόγου.
1487 399 1555 442 καὶ
1574 406 1654 441 τῶν

293 467 371 520 πρὸ
395 474 467 508 τοῦ
502 479 543 508 σε
581 466 820 519 φασκόντων
846 469 978 518 φιλεῖν
1003 465 1136 514 οὐδεὶς
1167 464 1344 520 ἠλέγχθη
1377 465 1545 518 φάσκων
1565 464 1655 518 μέν,

296 533 437 585 ἥκιστα
462 531 505 573 δὲ
531 536 671 584 φιλῶν.
712 535 749 573 4.
777 531 874 572 ἀλλὰ
898 531 941 573 τὸ
965 531 1087 572 πάλαι
1111 537 1243 572 τοῦτο·
1269 530 1402 580 ἄξιος
1423 526 1654 584 ’Λρισταί-

258 612 277 639 5
296 613 434 647 νετος
458 605 576 655 κοινῇ
603 603 721 653 φωνῇ
749 596 816 638 διὰ
840 597 970 650 πάσης
988 596 1122 651 ἐχώρει
1145 603 1216 649 τῆς
1235 596 1396 645 πόλεως.
1433 595 1502 637 καὶ
1520 595 1571 649 δὴ
1589 595 1657 637 καὶ

298 663 320 705 ὁ
356 654 539 717 βασιλεὺς
574 662 819 715 ἐθαυμάζετο
856 663 1032 715 μελίττης
1066 661 1294 717 σοφώτερον
1328 660 1494 710 συνθεὶς
1515 661 1560 703 τὸ
1584 667 1655 714 τῆς

295 728 417 782 ἀρχῆς
443 729 597 783 κηρίον.
643 730 680 768 5.
706 728 744 768 εί
766 726 839 781 μὲν
864 722 939 768 οὖν
958 726 1052 781 ἐξῆν
1077 743 1145 780 μοι
1163 727 1229 768 καὶ
1248 728 1354 784 αὐτῷ
1379 726 1485 780 παρὰ
1510 724 1553 768 σὲ
1571 725 1654 780 τρέ-

295 810 392 848 χειν,
418 794 612 847 ἐπετόμην
635 792 704 834 ἅν·
729 799 807 834 νῦν
832 792 876 835 δὲ
900 785 932 849 ᾧ
952 793 1117 846 βαδίζεις
1151 792 1342 846 ὑπῆρχεν,
1366 793 1454 845 ἥκει
1478 792 1656 842 Διάνιος,

295 859 316 901 ὁ
342 859 411 909 σὸς
444 858 516 913 μὲν
541 859 755 914 συγγενής,
780 858 872 911 ἐμὸς
897 857 941 899 δὲ
965 857 1137 911 ἑταῖρος,
1161 859 1349 907 πολλάκις
1380 856 1453 910 μὲν
1475 856 1556 898 ὑπὸ
1581 854 1655 898 σοῦ

242 940 278 967 ιο
295 924 536 979 κεκλημένος
569 925 774 980 πρότερον,
806 930 884 965 νῦν
909 923 953 965 δέ
975 938 1019 978 γε
1043 923 1123 966 ὑπὸ
1149 930 1218 965 τοῦ
1241 930 1396 978 καιροῦ.
1445 922 1489 964 τὸ
1512 921 1588 978 γὰρ
1613 921 1655 964 σὲ

295 991 496 1039 Βιθυνίας
530 994 688 1044 κρατεῖν
711 990 870 1044 κατάγει
903 989 974 1031 τὸν
997 987 1126 1043 ἄνδρα
1158 990 1287 1031 πολὺν
1321 989 1372 1041 δὴ
1405 988 1550 1042 χρόνον
1574 1003 1656 1038 φυ·

294 1056 416 1111 γόντα
440 1055 513 1109 τὴν
539 1055 691 1096 οἰκείαν
723 1054 791 1095 διὰ
814 1054 858 1096 τὸ
892 1055 1111 1107 φοβεῖσθαι
1141 1053 1294 1107 βουλὴν
1324 1052 1391 1094 καὶ
1420 1054 1571 1094 πενίαν.
1620 1053 1658 1094 εἰ

294 1122 370 1176 γὰρ
402 1120 590 1174 ἐλάβοντο
624 1120 914 1174 ἐπιδημοῦντος
939 1120 1054 1161 τοῦδε
1080 1119 1129 1160 οὐ
1154 1118 1382 1173 δυναμένου
1406 1119 1656 1173 λειτουργεῖν,

295 1186 436 1228 λοιπὸν
460 1181 514 1239 ’ἦν
540 1185 738 1227 δεδέσθαι.
790 1188 828 1226 6.
862 1185 990 1227 ἐδόκει
1024 1180 1100 1227 οὖν
1133 1185 1241 1241 αὐτῷ
1275 1185 1532 1240 μετριώτερον
1555 1180 1656 1226 εἶναι

242 1268 277 1295 15
295 1260 346 1307 γῆ
381 1251 473 1304 ξένη
509 1247 592 1305 μετ’
620 1251 849 1305 ἐλευθερίας
874 1250 902 1304 ἢ
926 1250 1066 1305 πατρὶς
1091 1246 1172 1303 μετ’
1201 1249 1368 1303 ἀτιμίας.
1417 1250 1484 1290 καὶ
1507 1254 1561 1308 τῷ
1584 1247 1656 1302 μὲν

295 1318 514 1370 ἀφεστάναι
545 1324 615 1370 τῆς
646 1317 793 1372 μητρὸς
818 1315 947 1371 ἤλγει,
971 1316 1047 1369 τὴν
1071 1316 1218 1370 μητέρα
1243 1315 1287 1357 δὲ
1313 1316 1414 1356 ι’δεῖν
1438 1314 1502 1356 ἐπὶ
1525 1316 1656 1357 τοιαύ-

296 1399 381 1432 ταις
406 1383 558 1424 ἐλπίσιν
583 1382 711 1425 (buvet.
755 1386 792 1423 7.
817 1386 869 1438 τῷ
890 1381 1025 1435 μέντοι
1048 1378 1143 1435 παρ’
1171 1380 1268 1434 ἡμῖν
1293 1383 1367 1438 βίῳ
1392 1380 1460 1422 καὶ
1483 1380 1557 1433 τὴν
1581 1397 1657 1434 μη-

296 1448 387 1503 τέρα
411 1448 479 1490 καὶ
503 1447 546 1490 σὲ
570 1448 638 1489 καὶ
662 1449 814 1496 πάντας
839 1447 944 1501 ὑμᾶς
974 1444 1191 1501 κεκόσμηκε
1216 1446 1310 1500 μετὰ
1335 1446 1599 1502 σωφροσύνης
1617 1461 1656 1486 τε

368 1557 390 1588 8
415 1553 534 1588 Seeck
560 1556 629 1587 120
704 1555 748 1588 18
773 1551 869 1587 Plat.
890 1550 994 1587 criti.
1013 1562 1050 1597 p.
1073 1550 1181 1586 12οΕ

370 1654 388 1683 1
416 1649 521 1688 ἐκτὸς
552 1647 685 1693 scripsi
717 1658 737 1683 e
764 1648 799 1682 V
829 1646 894 1682 sed
926 1646 988 1682 del
1019 1648 1058 1682 et
1088 1646 1128 1682 in
1159 1646 1309 1682 ἀκούων
1343 1646 1544 1691 ὑπερφυῶς
1575 1655 1658 1680 corr

297 1695 354 1730 ω’
389 1693 495 1736 ἐκτός
518 1693 551 1730 τ’
577 1695 632 1732 Va
641 1695 692 1731 Vo
723 1695 924 1740 ὑπερφυῶς
941 1694 972 1731 S
991 1693 1097 1730 Wolf
1131 1705 1192 1730 om
1207 1693 1353 1730 VindD
1384 1691 1503 1728 Lamb
1523 1691 1620 1728 Rich

297 1740 399 1780 τοῦτ’
423 1742 524 1779 ἐστὶν
549 1743 590 1779 D
663 1746 684 1778 2
709 1742 778 1788 τὴν
810 1743 899 1778 ante
929 1741 1074 1788 ἡδονὴν
1099 1742 1135 1778 V
1156 1741 1221 1777 sed
1253 1751 1336 1776 eras
1382 1743 1388 1786 Ι
1433 1738 1592 1786 ἥδονται
1617 1737 1656 1775 D

298 1791 365 1826 sed
389 1789 445 1836 γρ’
473 1789 615 1836 ἡδονὴν
649 1789 690 1825 in
720 1800 828 1836 marg
926 1793 946 1824 3
971 1795 1114 1834 προτοῦ
1141 1789 1241 1825 Vina
1313 1792 1335 1824 4
1359 1787 1502 1824 τούτων
1528 1788 1565 1823 V
1590 1787 1657 1823 sed

297 1839 338 1874 in
362 1843 472 1874 τοῦτο
499 1849 581 1874 corr
604 1837 673 1883 ω’,
706 1838 763 1874 Va
837 1841 858 1873 5
883 1842 992 1884 κοινῇ
1018 1841 1127 1883 φωνῇ
1146 1835 1287 1872 inserui
1312 1847 1333 1872 e
1359 1837 1395 1871 V
1414 1836 1481 1872 sed
1502 1845 1523 1870 e
1547 1835 1657 1883 κοννὴ

298 1885 407 1931 φωνὴ
434 1897 515 1921 corr
544 1884 611 1929 m⁴‚
645 1885 781 1922 VaS'D
816 1886 861 1920 ufi
893 1884 1160 1921 Boiseonadius
1189 1883 1489 1967 Aneod.1'{7342
1520 1893 1541 1918 θ
1565 1883 1656 1921 Par.

1228 1945 1273 1978 γρ
1285 1934 1371 1968 τυθε
1389 1944 1408 1972 ς

300 1983 397 2017 3035
434 1992 495 2016 om
516 1981 568 2016 Vo
576 1980 674 2016 Vina
694 1980 768 2016 edd
836 1984 856 2016 6
877 1979 1107 2026 ἐθαυμάσθη
1126 1980 1180 2016 Va
1201 1982 1207 2025 Ι
1229 1980 1384 2021 συνθεὶς
1401 1978 1431 2015 S
1502 1982 1522 2012 ⁷
1543 1977 1583 2014 σὲ
1595 1989 1657 2014 om

307 2029 362 2064 Va
372 2029 421 2064 Vo
443 2031 449 2073 Ι
470 2027 720 2074 παρατρέχειν
746 2028 855 2064 VaVo
928 2031 948 2063 9
968 2026 1094 2074 uhtu)
1113 2038 1176 2063 om
1194 2028 1235 2064 D
1256 2029 1262 2074 Ι
1284 2025 1353 2063 οὖν
1376 2027 1464 2073 post
1481 2025 1658 2071 μὲν(2)1)

338 2080 381 2111 12
409 2074 554 2112 οἰκείαν
579 2075 712 2122 scripsi
738 2086 822 2111 cum
848 2075 902 2111 Re
947 2073 1073 2111 οἰκίαν
1095 2074 1185 2110 libri
1211 2075 1278 2110 sed
1303 2072 1337 2110 εί
1368 2085 1482 2120 supra
1506 2072 1520 2109 ι’
1546 2073 1646 2113 Vina

300 2159 374 2195 edd
448 2163 493 2194 13
518 2122 590 2205 γὸἐιὲρ
615 2159 644 2196 S
676 2161 681 2205 Ι
713 2158 995 2205 ἐπιδημοῦντος,
1019 2163 1086 2194 τοῦ
1111 2158 1154 2194 δὲ
1180 2158 1236 2194 Va
1260 2156 1368 2194 Wolf
1438 2161 1482 2193 14
1507 2169 1572 2202 μετ
1596 2157 1657 2192 ιώ-

299 2220 408 2251 τερον
423 2227 467 2233 -
483 2211 527 2242 16
547 2205 696 2253 ἀτιμίας
722 2206 817 2242 citat
840 2206 1029 2242 Macarius
1054 2205 1182 2252 Chrys.
1202 2205 1288 2241 Ros.
1307 2203 1429 2241 fol.96
1490 2207 1535 2239 14
1560 2170 1657 2240 εἳναι

300 2265 362 2290 om
393 2253 522 2290 Macar
566 2258 610 2290 15
629 2252 712 2300 μετ’
737 2254 818 2291 ἕλευ
848 2254 888 2289 in
919 2253 981 2289 lac
1011 2264 1072 2289 om
1102 2253 1232 2289 Macar
1311 2255 1356 2288 15
1386 2251 1478 2299 μετὰ
1503 2252 1658 2288 VVaVo

307 2302 454 2338 VindD
480 2301 608 2338 Macar
635 2301 710 2338 edd
748 2302 754 2348 Ι
792 2301 836 2337 τὸ
862 2302 902 2338 D
976 2304 1020 2337 16
1045 2314 1084 2340 n
1109 2300 1184 2336 edd
1258 2303 1303 2336 18
1327 2299 1426 2347 ἡμᾶς
1451 2299 1658 2336 VoVindD

300 2349 376 2386 edd
426 2352 432 2395 Ι
484 2347 712 2396 κεκόσμηκεν
738 2349 794 2385 Va
868 2352 912 2385 18
937 2348 1029 2395 μετὰ
1048 2369 1093 2376 -
1113 2351 1194 2393 868,
1216 2352 1234 2383 1
1268 2347 1412 2394 διάγων
1441 2346 1658 2393 praemissis

300 2396 424 2433 vorbis
447 2402 515 2433 τοῦ
534 2395 603 2442 μὲν
623 2398 859 2443 ἐνεργητικοῦ
878 2396 1082 2444 (παρέχειν)
1101 2395 1207 2442 παρὰ
1219 2397 1381 2440 πολλοῖς,
1401 2395 1451 2437 ὡς
1469 2395 1534 2431 καὶ
1552 2391 1658 2439 παρὰ

301 2443 470 2493 Λιβανίῳ
502 2444 596 2480 citat
626 2444 846 2489 Lacapenus
884 2444 1035 2490 epimer.
1061 2454 1097 2489 p.
1118 2447 1176 2490 48,
1193 2446 1242 2479 ⁴25
1268 2442 1326 2479 ed.
1358 2443 1556 2481 Lindstam

304 2496 348 2527 18
375 2492 618 2539 σωφροσύνης
636 2513 680 2519 -
703 2495 784 2537 368,
800 2495 818 2527 1
845 2492 910 2528 καὶ
935 2503 996 2528 om
1022 2491 1146 2538 Lacap
