1806 2964
282 219 370 264 682
865 219 1048 256 mmm

281 332 354 386 οὐχ
373 333 498 380 οὕτως
519 331 674 372 ἔσονται
692 334 855 385 θρασεῖς
874 329 966 373 ὥστ’
991 331 1157 381 ἄκοντος
1170 330 1410 386 Ἡρακλέους
1432 332 1638 388 ἐπιχειρεῖν

282 396 462 438 ἐλαύνειν
488 393 690 450 Ἀχίλλιον.
735 397 859 451 δῆλον
888 396 962 451 γὰρ
999 395 1053 447 ὣς
1083 395 1145 439 ἐπ’
1174 397 1320 448 αὐτοὺς
1350 398 1435 451 ἥξει
1458 398 1506 439 τὰ
1529 398 1635 453 βέλη.

284 463 516 516 αἱρήσονται
540 456 616 503 οὖν
640 458 730 515 μήτ’
759 460 911 503 ἀδικεῖν
941 463 1038 516 μήτε
1067 464 1294 517 βάλλεσθαι.
1332 465 1370 504 6.
1394 463 1432 504 εἰ
1463 461 1506 504 δὲ
1531 464 1635 505 οὕτω

285 523 407 569 ταῦθ’
437 526 525 579 ἕξει,
557 527 578 569 ὁ
612 526 684 581 μὲν
715 524 812 568 καθ’
850 525 1019 582 ἡσυχίαν
1049 529 1229 582 χρήσεται
1259 536 1307 586 τῇ
1338 527 1467 585 τέχνῃ,
1501 527 1563 570 σοὶ
1594 527 1637 570 δὲ

247 608 266 635 5
285 593 390 635 ἔσται
420 593 526 648 παρὰ
552 591 624 646 μὲν
648 591 763 646 ἡμῶν
787 592 961 647 ἔπαινος,
985 594 1093 649 παρὰ
1118 592 1160 635 δὲ
1181 591 1420 648 Ἀσκληπιοῦ
1445 593 1488 635 τὸ
1512 593 1637 648 μηδὲν

285 659 422 713 ἰατροῦ
449 660 622 711 δεῖσθαι,
653 662 734 708 τοῖς
766 657 808 700 δὲ
839 657 944 709 νέοις
974 659 1071 714 ἔρως
1101 666 1171 701 τοῦ
1204 660 1428 712 μανθάνειν
1452 675 1489 700 τι
1513 671 1636 701 σπου-

285 725 400 766 δαῖον
433 723 553 779 ὁρῶσι
577 723 671 773 τοὺς
696 724 980 777 μεμαθηκότας
1010 724 1054 766 ἐκ
1078 725 1220 766 δεινῶν
1244 723 1502 777 σωζομένους.
1535 721 1638 766 εἶναι

285 789 328 831 δέ
358 802 400 832 σε
424 791 615 832 τοιούτων
640 790 768 831 αἴτιον
793 789 837 832 ἐν
861 796 907 847 τῇ
932 789 1043 831 πόλει
1068 792 1200 843 μεῖζον
1225 796 1304 831 τῶν
1328 790 1384 839 εἰς
1417 789 1491 843 τὴν
1520 790 1638 832 πόλιν

284 855 563 909 ἀναλωμάτων.
610 858 648 896 7.
679 856 827 909 ταύτην
858 854 935 910 ἐγὼ
968 854 1121 897 δέδωκα
1151 855 1224 908 τὴν
1253 854 1462 908 ἐπιστολὴν
1490 856 1638 905 πολλὰς

230 937 266 963 ιο
286 921 329 962 ἐκ
348 922 617 974 Παλαιστίνης
638 917 829 975 ’Λχιλλίου
847 921 947 975 πρὸς
965 921 1034 962 τὸν
1059 920 1228 975 ἄρχοντα
1245 922 1485 974 κομίζοντος.
1510 921 1638 964 ἐννόει

286 987 352 1039 δή,
376 987 455 1028 τίνι
479 987 619 1043 γνώμῃ
644 986 876 1041 προσέθηκα
894 990 979 1036 ταῖς
997 989 1159 1036 πολλαῖς
1177 986 1251 1039 τὴν
1271 988 1382 1039 μίαν·
1415 985 1549 1041 ὀρθῶς
1566 985 1639 1040 μὲν

285 1052 360 1107 γὰρ
391 1050 566 1107 ἡγοῦμαι
595 1053 901 1106 βεβουλεῦσθαι,
931 1059 1047 1107 σιγᾶν
1079 1051 1121 1093 δὲ
1151 1051 1225 1105 τὴν
1257 1053 1387 1094 αἰτίαν
1411 1054 1586 1107 κρεῖττον
1610 1051 1637 1106 ἢ

284 1119 464 1173 γράφειν.

211 1220 262 1255 W
289 1224 357 1257 ⁶69
911 1211 1016 1265 ψνζ·

232 1311 281 1339 15.
785 1298 981 1355 Βακχίῳ.
1033 1307 1138 1351 (362)

348 1384 384 1421 1.
407 1378 621 1434 Ἐπιμελοῦ
641 1387 719 1422 τῶν
739 1381 868 1436 ἱερῶν,
887 1377 919 1422 ὦ
938 1379 1030 1423 καλὲ
1048 1382 1205 1436 Βάκχιε,
1230 1380 1297 1422 καὶ
1316 1381 1464 1434 πλήθει
1481 1385 1640 1422 θυσιῶν

286 1446 354 1488 καὶ
387 1450 548 1491 τελετῶν
582 1445 761 1503 ἀκριβείᾳ
792 1446 860 1488 καὶ
890 1451 942 1505 τῷ
965 1447 1011 1487 τὰ
1035 1447 1195 1500 κείμενα
1221 1445 1439 1488 ἀνιστάναι.
1483 1447 1548 1488 δεῖ
1565 1447 1640 1501 γάρ

286 1525 328 1554 σε
353 1512 420 1553 καὶ
444 1511 533 1565 περὶ
557 1513 650 1561 τοὺς
669 1512 793 1561 θεοὺς
810 1512 986 1566 εὐσεβεῖν
1004 1512 1071 1553 καὶ
1093 1517 1145 1571 τῷ
1162 1514 1320 1566 βασιλεῖ
1330 1513 1556 1568 χαρίζεσθαι
1568 1512 1642 1553 ’καὶ

359 1621 399 1652 14
437 1617 487 1653 Vt
509 1615 555 1663 β’,
581 1615 676 1662 σπβ’.
711 1616 766 1653 Va
791 1615 833 1661 ζ’,
867 1615 960 1662 ρμδ’.
995 1617 1046 1653 Vo
1071 1615 1141 1663 (ζ),
1167 1614 1248 1663 ou&
1276 1617 1315 1662 (δ
1338 1626 1384 1652 ex
1408 1614 1439 1652 ε’
1452 1626 1535 1652 corr
1557 1615 1638 1662 m⁴).

289 1665 366 1700 Mo.
393 1665 433 1701 D
459 1663 548 1704 σκς’.
575 1665 651 1699 Ath

359 1764 404 1795 16
431 1758 575 1795 sievers
603 1763 670 1795 116
696 1761 772 1795 not.
793 1763 849 1796 69.
877 1759 992 1796 Seeck
1019 1763 1074 1795 93.
1101 1762 1171 1795 394
1256 1763 1299 1795 16
1326 1759 1370 1795 ef.
1392 1770 1449 1806 ep.
1470 1761 1550 1796 710.
1572 1761 1640 1794 712

338 1810 380 1843 18
406 1807 502 1843 Plat.
529 1819 634 1844 conv.
654 1819 690 1854 p.
714 1811 780 1843 193
795 1808 827 1843 A

361 1907 379 1938 1
407 1902 496 1939 ὥστε
527 1903 598 1939 Ath
636 1904 643 1943 1
681 1902 867 1949 ἡρακλέως
890 1903 980 1939 VVo
1009 1903 1074 1938 sed
1099 1903 1140 1938 in
1164 1902 1236 1939 hoc
1269 1916 1297 1938 ω
1330 1913 1375 1938 ex
1406 1915 1452 1938 ov
1479 1912 1562 1938 corr
1586 1900 1642 1936 ω’

289 1964 333 1997 γρ
350 1949 557 1996 ἡρακλέους

286 1997 488 2043 ἡρακλείου
512 1998 542 2035 S
600 2002 622 2034 2
647 1998 832 2045 ἀχιλλειον
858 1998 905 2034 Vi
953 2002 974 2033 3
1000 1995 1198 2043 αἱρήσοντ’
1234 1997 1322 2035 Vos
1347 1998 1352 2044 Ι
1381 1995 1419 2034 δ’
1440 1996 1642 2034 SWVind

289 2046 396 2082 Wolf
440 2050 461 2082 8
477 2057 531 2091 sq.
549 2052 668 2083 ταῦτα
686 2045 803 2088 οὕτως
828 2046 903 2082 Ath
951 2050 974 2082 4
1003 2051 1121 2082 ταῦτα
1148 2045 1376 2083 VVaVoMo
1396 2046 1402 2091 1
1426 2043 1501 2089 ἕξοι
1525 2043 1554 2081 S
1573 2044 1579 2090 Ι
1601 2042 1637 2079 δ’

288 2093 318 2130 S
340 2093 448 2129 Wolf
511 2099 532 2130 ὁ
557 2092 651 2139 παρ’
675 2094 779 2140 ἡμῶν
804 2092 873 2140 μὲν
901 2094 946 2130 Vi
965 2095 971 2140 Ι
993 2091 1199 2138 ἀσκληπίου
1227 2093 1282 2129 Va
1306 2092 1414 2128 Wolf
1483 2095 1503 2128 6
1528 2089 1565 2127 τί
1590 2091 1642 2128 Vo

296 2141 394 2178 Vina
412 2142 448 2178 τὶ
456 2142 580 2178 ViAth
629 2145 649 2176 ⁷
661 2147 737 2178 τῶν
751 2143 839 2177 ante
852 2143 987 2178 δεινῶν
1008 2141 1053 2178 W
1066 2140 1169 2177 Wolf
1191 2140 1314 2176 delevi
1369 2143 1391 2176 8
1404 2144 1576 2176 τοιοῦτον
1595 2139 1648 2175 W

287 2189 431 2226 τούτων
457 2189 503 2225 Vi
523 2190 529 2235 Ι
551 2189 604 2231 εἰς
626 2189 695 2235 τὴν
719 2188 843 2236 πόλιν]
869 2188 910 2226 ἐν
927 2193 971 2235 τῆ
991 2188 1096 2225 πόλει
1120 2189 1196 2225 Ath
1254 2191 1338 2234 θείῃ.
1363 2185 1530 2234 ἀχιλλίου
1555 2188 1641 2222 πολ-

287 2236 354 2278 λὰς
378 2238 419 2274 ἐκ
443 2235 687 2282 παλαιστίνης
711 2237 787 2273 Atta
886 2240 930 2273 10
955 2234 1140 2283 ἀχιλλείου
1167 2236 1203 2272 V
1241 2237 1247 2281 Ι
1299 2233 1421 2272 ἐννόει
1445 2233 1596 2280 reposui
1621 2245 1641 2269 e

288 2283 396 2320 libris
421 2283 546 2322 εὐνόει
569 2284 679 2321 Wolf
753 2288 796 2321 11
823 2284 865 2321 δὲ
893 2285 938 2320 Vi
982 2288 988 2329 Ι
1032 2282 1245 2368 ιτιροσέθηκε
1272 2284 1319 2321 Vi
1339 2285 1345 2330 Ι
1371 2282 1537 2328 πολλαῖς]
1564 2281 1644 2318 ἐπι-

987 2345 1008 2377 o
1028 2344 1049 2368 ο
1066 2344 1133 2377 μαι

289 2381 435 2420 στολαῖς
461 2380 507 2416 Vi
571 2383 615 2416 12
640 2379 711 2426 γὰρ
737 2390 799 2415 om
811 2380 881 2417 Mo
901 2381 908 2424 Ι
930 2346 1091 2425 ὴῖοῢμαι
1116 2379 1146 2416 S
1180 2375 1284 2425 οἶμαι
1310 2378 1357 2414 Vi
1410 2381 1452 2413 13
1474 2375 1644 2422 sequitur

289 2438 348 2472 ep.
369 2430 437 2462 758
453 2427 564 2512 {1an
646 2432 688 2463 16
716 2427 848 2475 Βάκχῳ
873 2427 997 2464 DAth
1076 2430 1120 2463 16
1146 2426 1261 2474 βάκχε
1286 2425 1392 2463 VaD
1422 2426 1429 2471 Ι
1455 2429 1530 2461 τῶν
1555 2424 1644 2460 ante

287 2477 435 2511 θυσιῶν
