1806 2964
635 191 910 231 EPISTULAE
935 195 1129 230 κιο-240
1228 190 1231 191 ’
1480 190 1574 234 225

189 304 304 350 εἶναι.
346 311 383 349 7.
414 306 490 362 τὴν
521 305 595 361 μὲν
628 301 704 348 οὖν
742 306 975 360 φιλοτιμίαν
1000 318 1075 348 σου
1101 306 1176 360 τὴν
1201 305 1259 355 εἰς
1283 305 1355 347 τὸν
1379 303 1473 346 υἱὸν
1498 302 1574 345 οὐκ

187 373 424 429 ἐθαύμασα,
453 380 557 415 νοῦν
571 373 659 429 ογὰρ
685 373 786 428 ἔχων
810 370 838 413 ἃ
862 372 1030 427 ὕστερον
1055 371 1214 426 ἔμελλεν
1239 370 1342 422 ἕξειν
1366 375 1421 428 τῷ
1446 370 1575 427 νόμῳ,

188 437 293 483 ταῦτ’
321 440 514 494 ἐποίησας
549 440 682 495 δῶρον
718 439 889 495 πατρός,
923 439 1122 493 θαυμάζω
1161 437 1205 480 δὲ
1234 438 1294 480 ὅτι
1325 436 1470 480 πολλαὶ
1500 435 1574 491 μὲν

188 502 280 564 παρ’
301 506 401 561 ὑμῖν
425 512 602 561 κοῦραι
626 506 892 562 ἀριστήων,
917 508 959 549 οἳ
981 505 1056 559 τὴν
1074 505 1194 548 πόλιν
1213 503 1439 559 συνέχουσι,
1462 503 1513 546 σὺ
1532 501 1573 545 δ’

188 573 265 616 οὐκ
288 573 527 629 ἐφρόντισας
552 573 661 623 ὅπως
686 574 778 631 ἴδῃς
802 574 964 629 τάχιστα
988 578 1060 614 τοῦ
1087 571 1235 622 παιδὸς
1253 571 1414 620 παῖδας.
1443 570 1482 612 εἰ
1498 569 1574 626 γὰρ
1613 584 1632 612 s

188 640 257 682 καὶ
280 638 363 694 ἤδη
387 641 552 689 πάππος
577 634 633 681 εἶν
647 646 779 681 ποιῶν
803 639 1007 694 κέκλησαι,
1031 637 1132 680 ἀλλὰ
1156 637 1225 680 καὶ
1249 638 1374 696 ταύτῃ
1400 649 1443 679 σε
1467 637 1573 678 πάπ·

187 721 269 749 πον
298 710 506 760 κληθῆναι
529 706 668 760 καλόν,
692 705 811 756 ἄλλος
836 702 876 747 δ’
899 704 951 748 ἃν
975 705 1115 760 ἔφησε,
1139 705 1314 747 κάλλιον.

840 872 918 930 σμ’.
1062 882 1113 918 w
1132 885 1204 919 243
1223 881 1380 929 (Aneed.
1400 882 1429 917 n
1442 880 1496 916 111
1507 892 1545 928 p.
1561 881 1647 926 292)

664 961 902 1018 Κλεάρχῳ.
938 970 1032 1014 (360
1043 966 1081 1014 Ρ)

253 1049 292 1087 1.
317 1046 376 1087 Εἰ
399 1045 472 1099 μὲν
498 1042 583 1096 οἶός
607 1061 648 1087 τε
673 1041 726 1100 ἧν
751 1045 910 1100 καὶτῆς
929 1043 1035 1097 ὁδοῦ
1059 1043 1129 1087 καὶ
1152 1051 1224 1099 τῆς
1246 1042 1369 1097 ἄλλης
1388 1043 1572 1096 σπουδῆς
1594 1058 1628 1084 ιο

188 1112 400 1171 Εὖστοχίφ
418 1118 686 1166 κοινωνῆσαι,
704 1112 866 1162 πάντως
877 1110 929 1153 ἄν
948 1127 995 1165 με
1015 1107 1114 1166 εἶχες
1127 1109 1216 1152 ἀντὶ
1234 1116 1315 1152 τῶν
1329 1109 1437 1164 ἐμῶν
1449 1125 1573 1165 γραμ-

189 1178 348 1233 μάτων·
380 1177 465 1221 ἐπεὶ
496 1177 541 1220 δὲ
571 1178 648 1220 οὐκ
679 1178 760 1220 ἔστι
785 1194 854 1232 μοι
878 1183 1102 1238 κινεῖσθαι,
1131 1173 1187 1219 δι’
1209 1174 1232 1219 ὃ
1260 1176 1320 1229 δέ,
1352 1175 1574 1234 ἐπίστασαι,

190 1244 334 1299 δέομαί
349 1257 424 1287 σου
443 1244 633 1301 γενέσθαι
651 1251 836 1287 τοιοῦτον
855 1245 913 1295 εἷς
937 1251 1093 1296 τοῦτον,
1120 1240 1205 1293 οἷος
1230 1242 1282 1284 ἂν
1306 1242 1446 1298 ἐγένου
1471 1258 1573 1297 παρ-

189 1312 305 1362 όντος
335 1311 447 1365 ἐμοῦ.
488 1314 526 1353 2.
551 1311 686 1366 νόμιζε
721 1310 764 1354 δὲ
796 1311 850 1366 μὴ
884 1311 1013 1365 μόνον
1037 1310 1126 1365 ἐμοὶ
1151 1310 1295 1352 δώσειν
1319 1309 1451 1365 χάριν,
1473 1307 1573 1350 ἀλλὰ

188 1377 257 1420 καὶ
282 1378 403 1428 αὐτὸς
427 1378 648 1432 κτήσεσθαι
673 1379 808 1432 φίλον.
834 1376 883 1420 ὃν
901 1377 970 1419 καὶ
989 1376 1065 1433 ἐγὼ
1085 1378 1334 1431 κτησάμενος
1353 1376 1572 1430 συνήσθην
1593 1390 1628 1418 ιε

188 1444 347 1502 ἐμαυτῷ
373 1445 422 1487 οὐ
448 1446 576 1498 μόνον
600 1451 682 1486 τῶν
706 1460 746 1487 τε
771 1445 903 1500 λόγων
928 1444 1061 1489 εἴιεκα
1079 1443 1246 1486 καὶτῶν
1265 1442 1419 1497 νόμων,
1443 1442 1488 1484 ἐν
1506 1438 1570 1492 οἷς

189 1511 432 1565 ἀμφοτέροις
457 1511 624 1561 οὐδενὸς
650 1510 755 1566 ἀνὴρ
780 1512 960 1566 ὕστερος,
984 1506 1065 1552 ἀλλ’
1082 1510 1144 1551 ὅτι
1161 1509 1230 1551 καὶ
1248 1515 1329 1550 τῶν
1351 1507 1482 1551 ὄντων
1501 1525 1569 1563 χα-

189 1581 319 1619 λεπῶν
345 1576 465 1619 οὐδὲν
491 1578 596 1620 οὕτω
621 1578 792 1633 χαλεπὸν
822 1575 875 1627 ὥς
901 1581 955 1632 μὴ
981 1577 1082 1635 τῷδε
1107 1583 1291 1630 φανῆναι
1315 1576 1463 1634 ῥᾷστον
1488 1575 1571 1617 ἐπι-

188 1645 395 1694 τάττοντος
420 1646 558 1700 φίλου,
584 1648 734 1699 μᾶλλον
760 1643 819 1698 δέ,
842 1642 921 1685 κᾶν
947 1641 969 1685 ὁ
995 1644 1114 1696 φίλος
1138 1641 1261 1701 χρῄζῃ
1287 1641 1374 1696 μέν,
1399 1640 1500 1698 ὀκνῇ
1527 1641 1566 1683 δὲ

189 1709 426 1765 ἐπιτάττειν,
450 1710 572 1761 αὐτὸς
596 1710 721 1753 αὑτὸν
747 1711 887 1752 δίδωσι
911 1715 996 1760 τοῖς
1020 1709 1161 1765 ἔργοις.
1201 1711 1241 1751 3.
1262 1708 1331 1750 καὶ
1349 1709 1386 1750 εἰ
1404 1707 1477 1762 μὲν
1495 1706 1569 1749 ἀπ’
1588 1725 1628 1765 yn

189 1775 310 1831 ἄλλης
341 1776 488 1831 ἀφῖκτο
519 1783 598 1819 νῦν
629 1776 685 1827 ὡς
715 1776 841 1831 ὑμᾶς,
871 1775 1028 1826 ἄθλους
1058 1775 1111 1817 ἂν
1142 1775 1220 1817 ἔδει
1249 1788 1314 1817 σοι
1338 1776 1572 1831 διηγεῖσθαι

262 1885 284 1918 8
318 1883 385 1919 Vn
407 1882 456 1928 α’,
484 1881 581 1918 σκα’.
615 1882 673 1919 Va
697 1881 743 1929 γ’,
769 1880 838 1929 λη’.
871 1881 926 1918 Vo
951 1881 999 1928 γ’,
1024 1883 1090 1927 λη’.
1116 1881 1158 1918 D
1181 1879 1255 1917 Bu'.
1282 1881 1339 1917 Be
1362 1882 1420 1917 ἶθ

261 1983 284 2014 4
309 1978 352 2015 ΙΙ.
373 1992 387 2014 ι
414 1982 484 2015 396
572 1983 594 2016 5
620 1978 667 2016 ef.
687 1989 746 2026 ep.
767 1981 849 2015 224.
877 1981 948 2015 805
1029 1981 1052 2014 9
1078 1977 1125 2015 cf.
1145 1989 1203 2024 ep.
1224 1981 1307 2014 241.
1340 1976 1460 2021 Seepk
1487 1979 1568 2013 108.

190 2029 271 2063 874.
299 2026 464 2063 Silomon
491 2030 539 2063 48
616 2032 659 2063 11
687 2026 808 2064 Seeck
835 2030 904 2064 149
923 2026 942 2062 I

262 2138 284 2172 8
308 2140 430 2172 ταῦτα
454 2136 484 2173 S
553 2139 578 2172 4
602 2135 695 2182 ἡμῖν
719 2135 777 2173 Be
810 2137 817 2181 Ι
845 2134 1030 2180 ἀριστέων
1057 2135 1116 2181 V}
1137 2133 1180 2171 αἳ
1208 2134 1309 2171 Vind
1334 2134 1403 2171 sed
1428 2148 1455 2170 α
1479 2134 1522 2170 in
1547 2147 1569 2171 ο

189 2194 271 2219 oon·
294 2194 372 2228 ras,
390 2183 500 2220 Wolf
517 2183 576 2220 An
624 2188 647 2220 ὁ
674 2183 772 2226 &ote
797 2183 901 2220 Vina
950 2187 972 2220 6
995 2182 1140 2229 ταύτησ
1167 2183 1223 2219 Va
1275 2187 1319 2219 12
1347 2182 1448 2220 ἔστιν
1475 2183 1533 2219 Va
1560 2183 1565 2231 Ι

189 2228 250 2269 διὸ
277 2232 372 2270 VVa
382 2232 498 2269 VoBe
517 2231 626 2268 Wolf
692 2235 735 2268 15
754 2230 971 2277 κτήσασθαι
997 2231 1094 2269 VVa
1103 2232 1155 2268 Vo
1175 2231 1243 2268 sed
1262 2231 1303 2267 in
1322 2230 1396 2267 hoc
1415 2244 1433 2268 ε
1453 2243 1569 2277 supra.

189 2280 276 2327 α(1)
300 2280 369 2326 m‘,
394 2281 436 2317 D
457 2283 463 2325 Ι
485 2277 569 2317 οἷον
597 2280 735 2318 VVoD
765 2282 771 2328 Ι
800 2280 885 2327 ἐγὼ]
912 2279 1028 2322 αὐτὸς
1054 2279 1092 2316 D
1167 2283 1212 2315 16
1238 2279 1361 2326 λόγων
1389 2280 1424 2317 V
1443 2279 1509 2315 sed
1537 2293 1566 2316 ω

188 2338 234 2363 ex
259 2340 280 2364 ο
306 2339 389 2365 corr
411 2328 470 2364 m⁸
491 2329 497 2376 Ι
519 2327 632 2365 ἕνεκα
662 2329 730 2365 VD
805 2332 849 2364 17
876 2327 973 2374 ἀνὴρ
1000 2327 1137 2374 scripsi
1174 2326 1272 2374 ἀνὴρ
1298 2327 1389 2363 libri
1414 2327 1524 2364 Wolf

190 2378 236 2411 18
260 2376 363 2413 αὐτῶ
387 2375 479 2413 libri
503 2377 570 2413 sed
595 2377 636 2412 in
660 2375 759 2414 οὕτω
791 2388 876 2413 corr
907 2375 990 2421 Vo‘,
1022 2374 1133 2412 Wolf
1160 2376 1220 2412 An
1320 2379 1365 2412 19
1391 2375 1485 2424 χρήζ
1535 2376 1573 2413 V

195 2423 252 2460 Va
263 2424 375 2462 VoBe
401 2424 510 2461 Wolf
530 2425 579 2462 ed
610 2431 616 2466 Ι
647 2425 755 2462 ὀκνεῖ
777 2424 868 2461 libri
897 2424 965 2461 sed
991 2437 1025 2461 ει
1049 2424 1091 2461 in
1116 2438 1140 2471 η
1167 2435 1252 2461 corr
1269 2424 1328 2461 Be
1352 2435 1437 2460 corr
1512 2423 1572 2460 olf

235 2474 282 2508 20
301 2472 471 2520 ἀκάλλης
495 2474 552 2510 Va
600 2477 646 2509 21
672 2472 773 2520 ἡμᾶς
797 2473 856 2510 Be
