1806 2964
661 192 937 230 EPISTULAE
963 196 1106 229 82—64
1229 225 1232 227 .
1516 192 1575 235 63

839 338 909 394 ξδ’.
1526 350 1576 386 W
1602 353 1647 386 62

625 431 899 488 Σπεκτάτῳ.
933 433 1129 484 (359s360)

253 519 291 556 1.
307 512 518 570 ’Έφκλημα
555 516 729 557 λύεσθαί
758 526 887 568 φησιν
926 513 947 555 ὅ
985 514 1247 567 Θουκυδίδης
1285 512 1365 554 ὑπὸ
1403 513 1576 568 χάριτος,

187 582 287 623 ὅταν
313 580 361 623 ὃν
386 580 553 636 ἠδίκησέ
577 597 651 635 τις,
675 583 803 639 τούτῳ
829 597 867 623 τι
898 581 1050 638 ποιήσῃ
1075 579 1177 621 κατὰ
1201 580 1370 635 γνώμην
1395 580 1574 634 ὕστερον.

189 649 241 690 σὺ
267 645 304 689 δ’
328 647 444 702 ἡμῶν
469 648 513 690 τὸ
539 647 612 702 μὲν
637 655 797 703 πρῶτον
822 647 1072 702 ἀμνημονῶν
1095 646 1270 701 ἠδίκεις,
1304 646 1439 688 ἔπειτα
1470 651 1580 703 κακῷ
1612 660 1630 687 ε

189 715 233 756 τὸ
259 715 386 757 κακὸν
412 716 582 769 ἰώμενος
612 714 678 757 ἐπὶ
703 716 836 773 βλάβῃ
868 715 1173 764 κατασκευάζων
1206 713 1302 755 ὁδόν
1333 729 1423 755 τινα
1448 713 1574 767 βαρά-

188 786 296 836 θρου
327 781 601 837 χαλεπωτέραν
639 782 741 836 ἐμοί.
791 785 830 823 2.
862 782 1016 824 τούτων
1051 781 1102 834 δὴ
1134 787 1215 822 τῶν
1246 780 1506 836 ἐγκλημάτων
1532 779 1574 821 ἐν

188 848 321 904 χερσὶν
353 847 482 890 ὄντων
513 848 582 891 καὶ
612 849 656 891 τὸ
688 849 963 905 πραττόμενον
989 846 1257 902 ὀνομάζοντος
1291 846 1443 902 ἔχθραν
1475 846 1575 901 ἐμοῦ

187 919 418 970 προσῆλθεν
454 913 480 969 ἡ
515 916 629 971 χάρις
662 916 852 958 παύουσα
888 914 964 970 μὲν
998 914 1068 964 τὰς
1109 915 1260 968 αἰτίας,
1293 915 1497 956 πείθουσα
1531 911 1574 954 δὲ

187 981 456 1037 ἐγκωμιάζειν.
482 983 554 1023 καί
576 995 639 1025 σοι
664 981 887 1036 σπένδομαι
911 983 984 1023 καί
1005 982 1116 1035 φημί
1133 993 1176 1022 σε
1196 980 1251 1035 μὴ
1273 981 1400 1034 μόνον
1425 978 1574 1022 εἰδέναι
1595 996 1631 1022 ιο

187 1053 323 1104 γελᾶν,
344 1048 444 1090 ἀλλὰ
463 1049 531 1091 καὶ
557 1050 740 1104 σπουδῆς
759 1065 797 1090 τι
822 1047 1100 1103 συνεισφέρειν
1125 1051 1210 1097 τοῖς
1230 1048 1377 1100 φίλοις.
1413 1049 1454 1088 3.
1474 1047 1574 1101 βού-

187 1119 244 1157 λει
271 1121 421 1169 μαθεῖν
446 1117 470 1158 ὅ
501 1132 539 1158 τι
570 1112 615 1158 εὖ
647 1116 933 1169 πεπόνθαμενς
963 1115 1165 1168 τετίμηται
1197 1113 1447 1168 Πρισκιανὸς
1479 1117 1574 1171 τιμῇ

186 1189 235 1240 τῇ
260 1184 535 1241 προσηκούσῃ.
572 1182 641 1225 καὶ
671 1182 795 1225 καλὸν
814 1175 886 1241 ᾖσε
911 1182 955 1224 τὸ
979 1182 1196 1239 προοίμιον
1225 1179 1477 1236 Φλωρέντιος
1501 1196 1574 1222 κα-

187 1253 269 1291 λῶν
302 1249 393 1291 ἀντὶ
426 1257 506 1292 τῶν
541 1251 688 1292 δοῦναι
728 1249 969 1303 δυναμένων
1009 1248 1104 1298 τοὺς
1139 1248 1266 1291 εἰπεῖν
1307 1246 1573 1301 δυναμένους.

187 1316 319 1371 ὥσπερ
344 1316 420 1372 γὰρ
445 1317 541 1367 τοὺς
566 1316 631 1359 ἐπὶ
662 1323 743 1359 τῶν
776 1317 913 1358 ὅπλων
943 1316 1132 1370 σεμνύνει
1161 1315 1209 1356 τὰ
1242 1314 1431 1370 τρόπαια,
1467 1314 1574 1355 οὕτω
1594 1330 1629 1357 1⁶

186 1384 257 1426 τὸν
282 1383 326 1425 ἐν
352 1376 459 1439 ᾧπερ
486 1380 605 1434 οὗτος
630 1384 821 1438 ἑστηκότα
854 1383 899 1425 τὸ
925 1383 1028 1439 πρὸς
1060 1383 1237 1435 δύναμιν
1269 1380 1382 1436 ἄγειν
1407 1380 1504 1430 τοὺς
1528 1375 1573 1422 εὖ

186 1455 240 1508 τῷ
261 1452 468 1493 δύνασθαι
492 1451 774 1507 χρησομένους.
806 1449 1056 1506 Πρισκιανὸς
1082 1447 1125 1490 δὲ
1152 1444 1219 1501 ἐφ’
1243 1448 1376 1502 ὅτιπερ
1404 1445 1457 1488 ἂν
1475 1462 1573 1502 προ-

186 1519 253 1575 βῇ,
279 1522 332 1575 τῷ
353 1518 575 1572 παραδόντι
600 1518 670 1569 τὰς
688 1517 881 1574 ἀφορμὰς
906 1517 976 1558 τὸν
1001 1515 1152 1570 ἀμείνω
1178 1515 1298 1570 λόγον
1324 1514 1443 1556 οἴσει·
1470 1529 1574 1555 παν-

187 1591 307 1639 ταχοῦ
341 1584 418 1640 γὰρ
453 1584 637 1639 χρήσεται
671 1589 724 1642 τῷ
755 1588 936 1639 φρονεῖν.
981 1586 1020 1625 4.
1052 1582 1180 1641 τούτῳ
1214 1580 1287 1635 μὲν
1318 1575 1395 1623 οὖν
1430 1581 1573 1622 εἴσεται

260 1731 278 1762 1
315 1727 363 1767 V1
388 1725 439 1772 α’,
464 1725 535 1773 με’.
569 1726 623 1764 Vo
649 1725 698 1771 α’,
724 1740 757 1762 ν.
779 1726 809 1763 S
831 1725 879 1770 α’,
906 1725 963 1761 ιε’.
998 1726 1046 1762 Vi
1074 1724 1174 1772 [affl.
1202 1732 1247 1770 pr

259 1864 280 1896 2
308 1860 455 1897 Sievere
481 1863 526 1896 81
553 1862 632 1897 not.
654 1864 711 1896 66.
764 1859 884 1897 Seeck
910 1863 992 1895 282.
1021 1862 1102 1896 357.
1150 1858 1323 1895 Silomon
1360 1862 1405 1894 25
1416 1870 1470 1904 sq.

186 1913 208 1945 3
234 1909 352 1946 Thac.
379 1909 397 1944 Ι
421 1912 528 1952 42,3.
555 1909 603 1945 cf.
632 1920 690 1956 ep.
719 1912 800 1945 245.
823 1911 893 1944 85⁷
994 1911 1015 1943 5
1042 1906 1090 1944 cf.
1117 1902 1289 1953 ep.'1‘18.
1318 1910 1398 1944 ⁷41.
1433 1906 1568 1944 Aesch.

184 1958 230 1995 fr.
246 1962 316 1995 849
336 1958 453 2005 Soph.
472 1957 517 1994 ft.
540 1961 597 2002 74.
612 1961 633 1994 2
647 1957 712 1993 N’.
727 1957 814 1994 Hor.
834 1957 884 1993 111
898 1959 956 1993 ⁶3.
970 1956 1089 1993 Thuc.
1105 1955 1138 1991 V
1152 1959 1211 1992 65.
1233 1954 1380 1992 Chol-ic.
1400 1954 1570 2002 Philarg.

186 2011 207 2051 ὅ
227 2010 286 2044 25.
311 2006 408 2043 Mus.
435 2006 557 2043 Rhea.
589 2005 708 2042 XLIX
727 2009 799 2042 490
851 2009 897 2041 12
923 2004 970 2042 of.
992 2016 1052 2051 ep.
1073 2008 1130 2040 62.
1152 2003 1354 2041 Seeck244
1413 2007 1458 2040 13
1473 2003 1569 2040 Plat.

184 2055 259 2103 leg.
285 2055 338 2092 IX
362 2067 388 2101 p
426 2059 497 2091 8⁶4
511 2055 539 2092 C
561 2057 567 2102 Ι
590 2054 637 2092 cf.
659 2066 718 2101 ep.
739 2058 797 2091 59.
824 2053 945 2091 Seeck
971 2057 1038 2090 157

259 2206 280 2238 2
306 2208 358 2239 τῶ
383 2203 485 2239 αὐτῶ
511 2202 549 2248 (i.
571 2213 600 2238 e.
624 2199 811 2248 φιλίππω)
846 2201 892 2237 Vi
971 2203 992 2235 4
1017 2213 1054 2236 τι
1088 2200 1139 2236 Vo
1172 2198 1240 2236 sed
1266 2209 1287 2235 e
1320 2211 1381 2235 τοι
1406 2208 1495 2244 corr,
1513 2197 1571 2233 m’

185 2250 221 2286 τί
249 2252 286 2288 V
304 2251 373 2287 sed.
399 2250 409 2263 ‘
435 2250 512 2287 add
537 2250 596 2286 m‘
621 2261 683 2286 om
715 2250 764 2286 Vi
802 2251 808 2295 1
848 2247 1008 2293 ὕστερον
1034 2259 1095 2284 om
1121 2247 1153 2286 S
1234 2250 1256 2283 6
1282 2244 1569 2295 μετασκευάζων

194 2300 241 2336 Vi
313 2303 334 2335 9
361 2301 579 2345 προσῆλθεν
611 2299 648 2336 V
667 2298 737 2335 sed
763 2309 785 2334 σ
809 2308 894 2334 eras
919 2296 966 2333 cf.
993 2296 1083 2334 Eur.
1110 2295 1172 2333 Or.
1193 2298 1264 2332 859
1304 2297 1311 2342 Ι
1343 2294 1415 2341 τὴν
1441 2293 1570 2332 αἰτίαν

187 2348 216 2384 S
273 2351 317 2384 11
344 2346 471 2395 φίλοις
496 2349 532 2384 V
553 2346 621 2384 sed
648 2360 707 2388 οις
723 2346 765 2382 in
789 2356 852 2382 ras
871 2345 929 2382 ιιι5
993 2349 1037 2382 12
1065 2343 1124 2382 ὅτι
1149 2345 1250 2381 VVo
1269 2343 1380 2381 Wolf
1441 2347 1485 2379 15
1506 2342 1568 2380 οὗ·

186 2409 258 2439 τως
288 2397 343 2434 Vo
367 2396 439 2433 edd
537 2399 582 2432 16
614 2396 684 2443 οὐχ
718 2395 770 2433 Vo
800 2395 869 2431 ced
902 2393 966 2431 del
996 2395 1037 2430 et
1067 2390 1179 2436 οὗτος
1213 2403 1390 2444 nupt-uer
1414 2391 1474 2428 ιη’

188 2448 231 2480 17
257 2444 512 2493 κεχρημένους
531 2443 654 2482 VSVi
699 2445 706 2492 Ι
752 2443 796 2480 δὲ
822 2454 883 2479 om
905 2443 954 2480 Vi
1029 2445 1074 2478 1'1
1100 2439 1166 2489 ἐφ’
1195 2440 1329 2485 ὅτιπερ.
1360 2441 1396 2477 V
1430 2439 1497 2478 sed
1523 2451 1569 2476 ex

186 2492 367 2539 ἐφότιπερ
393 2505 476 2531 corr
499 2493 569 2539 m⁶,
589 2494 638 2529 Vi
724 2494 768 2528 19
795 2488 866 2528 οὖν
891 2502 953 2528 om
978 2491 1068 2529 sva·
