<?xml version="1.0" encoding="UTF-8"?>
<!DOCTYPE html PUBLIC "-//W3C//DTD XHTML 1.0 Transitional//EN"
    "http://www.w3.org/TR/xhtml1/DTD/xhtml1-transitional.dtd">
<html xmlns="http://www.w3.org/1999/xhtml" xml:lang="en" lang="en">
 <head>
  <title>
</title>
<meta http-equiv="Content-Type" content="text/html;charset=utf-8" />
  <meta name='ocr-system' content='tesseract 3.04.00' />
  <meta name='ocr-capabilities' content='ocr_page ocr_carea ocr_par ocr_line ocrx_word'/>
</head>
<body>
  <div class='ocr_page' id='page_1' title='image "./operarecensuitri10libauoft_0295.png"; bbox 0 0 1806 2964; ppageno 0'>
   <div class='ocr_carea' id='block_1_1' title="bbox 37 2424 49 2429">
    <p class='ocr_par' dir='ltr' id='par_1_1' title="bbox 37 2424 49 2429">
     <span class='ocr_line' id='line_1_1' title="bbox 37 2424 49 2429; textangle 90"><span class='ocrx_word' id='word_1_1' title='bbox 37 2424 49 2429; x_wconf 68' lang='grc' dir='ltr'><strong>Χ</strong></span> 
     </span>
    </p>
   </div>
   <div class='ocr_carea' id='block_1_2' title="bbox 626 234 1565 287">
    <p class='ocr_par' dir='ltr' id='par_1_2' title="bbox 626 234 1565 287">
     <span class='ocr_line' id='line_1_2' title="bbox 626 234 1565 287; baseline 0.005 -7"><span class='ocrx_word' id='word_1_2' title='bbox 626 243 897 281; x_wconf 78' lang='lat' dir='ltr'><strong>EPISTULAE</strong></span> <span class='ocrx_word' id='word_1_3' title='bbox 923 247 1115 280; x_wconf 78' lang='lat' dir='ltr'><strong>auo-302</strong></span> <span class='ocrx_word' id='word_1_4' title='bbox 1211 234 1213 236; x_wconf 72' lang='grc'><strong><em>’</em></strong></span> <span class='ocrx_word' id='word_1_5' title='bbox 1475 242 1565 287; x_wconf 83' lang='grc'><strong><em>283</em></strong></span> 
     </span>
    </p>
   </div>
   <div class='ocr_carea' id='block_1_3' title="bbox 183 355 1621 743">
    <p class='ocr_par' dir='ltr' id='par_1_3' title="bbox 183 355 1621 743">
     <span class='ocr_line' id='line_1_3' title="bbox 183 355 1567 413; baseline -0.001 -14"><span class='ocrx_word' id='word_1_6' title='bbox 183 358 369 413; x_wconf 81' lang='grc' dir='ltr'><em>φεύγειν,</em></span> <span class='ocrx_word' id='word_1_7' title='bbox 406 357 451 399; x_wconf 86' lang='grc' dir='ltr'><strong><em>τὸ</em></strong></span> <span class='ocrx_word' id='word_1_8' title='bbox 485 363 615 411; x_wconf 82' lang='grc' dir='ltr'><strong><em>κτῆμα</em></strong></span> <span class='ocrx_word' id='word_1_9' title='bbox 646 355 689 398; x_wconf 80' lang='grc' dir='ltr'><strong><em>δὲ</em></strong></span> <span class='ocrx_word' id='word_1_10' title='bbox 721 357 935 410; x_wconf 79' lang='grc' dir='ltr'><strong><em>φυλάττειν</em></strong></span> <span class='ocrx_word' id='word_1_11' title='bbox 969 363 1049 398; x_wconf 84' lang='grc' dir='ltr'><strong><em>τῶν</em></strong></span> <span class='ocrx_word' id='word_1_12' title='bbox 1087 357 1228 412; x_wconf 77' lang='grc' dir='ltr'><strong><em>λόγων.</em></strong></span> <span class='ocrx_word' id='word_1_13' title='bbox 1275 357 1397 407; x_wconf 66' lang='grc' dir='ltr'><strong><em>ἔξεστι</em></strong></span> <span class='ocrx_word' id='word_1_14' title='bbox 1428 356 1473 398; x_wconf 87' lang='grc' dir='ltr'><strong><em>δέ</em></strong></span> <span class='ocrx_word' id='word_1_15' title='bbox 1503 368 1567 398; x_wconf 92' lang='grc' dir='ltr'><strong><em>σοι</em></strong></span> 
     </span>
     <span class='ocr_line' id='line_1_4' title="bbox 187 422 1568 478; baseline -0.001 -13"><span class='ocrx_word' id='word_1_16' title='bbox 187 428 331 476; x_wconf 81' lang='grc' dir='ltr'><strong><em>πεῖραν</em></strong></span> <span class='ocrx_word' id='word_1_17' title='bbox 355 424 493 477; x_wconf 80' lang='grc' dir='ltr'><strong><em>λαβεῖν</em></strong></span> <span class='ocrx_word' id='word_1_18' title='bbox 517 422 585 464; x_wconf 81' lang='grc' dir='ltr'><strong><em>καὶ</em></strong></span> <span class='ocrx_word' id='word_1_19' title='bbox 609 422 799 465; x_wconf 86' lang='grc' dir='ltr'><strong><em>ἀκούοντι</em></strong></span> <span class='ocrx_word' id='word_1_20' title='bbox 823 422 892 464; x_wconf 75' lang='grc' dir='ltr'><strong><em>καὶ</em></strong></span> <span class='ocrx_word' id='word_1_21' title='bbox 916 422 1083 478; x_wconf 84' lang='grc' dir='ltr'><strong><em>λέγοντι’</em></strong></span> <span class='ocrx_word' id='word_1_22' title='bbox 1116 424 1248 464; x_wconf 90' lang='grc' dir='ltr'><strong><em>σεῖσαί</em></strong></span> <span class='ocrx_word' id='word_1_23' title='bbox 1269 439 1308 464; x_wconf 88' lang='grc' dir='ltr'><strong><em>τε</em></strong></span> <span class='ocrx_word' id='word_1_24' title='bbox 1333 423 1408 478; x_wconf 75' lang='grc' dir='ltr'><strong><em>γὰρ</em></strong></span> <span class='ocrx_word' id='word_1_25' title='bbox 1436 422 1568 472; x_wconf 85' lang='grc' dir='ltr'><strong><em>δεινὸς</em></strong></span> 
     </span>
     <span class='ocr_line' id='line_1_5' title="bbox 188 488 1566 545; baseline -0.001 -14"><span class='ocrx_word' id='word_1_26' title='bbox 188 488 447 545; x_wconf 79' lang='grc' dir='ltr'><strong><em>ἀκροώμενον</em></strong></span> <span class='ocrx_word' id='word_1_27' title='bbox 471 488 539 531; x_wconf 78' lang='grc' dir='ltr'><strong><em>καὶ</em></strong></span> <span class='ocrx_word' id='word_1_28' title='bbox 563 488 684 531; x_wconf 78' lang='grc' dir='ltr'><strong><em>ταύτὸ</em></strong></span> <span class='ocrx_word' id='word_1_29' title='bbox 715 493 869 530; x_wconf 82' lang='grc' dir='ltr'><strong><em>παθεῖν</em></strong></span> <span class='ocrx_word' id='word_1_30' title='bbox 900 488 982 531; x_wconf 78' lang='grc' dir='ltr'><strong><em>ὑπὸ</em></strong></span> <span class='ocrx_word' id='word_1_31' title='bbox 1019 490 1191 539; x_wconf 82' lang='grc' dir='ltr'><strong><em>κάλλους</em></strong></span> <span class='ocrx_word' id='word_1_32' title='bbox 1221 488 1361 544; x_wconf 85' lang='grc' dir='ltr'><strong><em>λόγων.</em></strong></span> <span class='ocrx_word' id='word_1_33' title='bbox 1401 492 1440 530; x_wconf 80' lang='grc'><strong><em>4.</em></strong></span> <span class='ocrx_word' id='word_1_34' title='bbox 1467 503 1566 530; x_wconf 85' lang='grc' dir='ltr'><strong><em>παν-</em></strong></span> 
     </span>
     <span class='ocr_line' id='line_1_6' title="bbox 188 551 1567 610; baseline -0.001 -13"><span class='ocrx_word' id='word_1_35' title='bbox 188 562 287 610; x_wconf 82' lang='grc' dir='ltr'><strong><em>ταχῆ</em></strong></span> <span class='ocrx_word' id='word_1_36' title='bbox 313 554 357 597; x_wconf 82' lang='grc' dir='ltr'><strong><em>δὲ</em></strong></span> <span class='ocrx_word' id='word_1_37' title='bbox 388 554 447 596; x_wconf 74' lang='grc' dir='ltr'><strong><em>ὢν</em></strong></span> <span class='ocrx_word' id='word_1_38' title='bbox 477 554 635 610; x_wconf 78' lang='grc' dir='ltr'><strong><em>ἀγαθὸς</em></strong></span> <span class='ocrx_word' id='word_1_39' title='bbox 660 556 711 597; x_wconf 66' lang='grc' dir='ltr'><strong><em>’ἓν</em></strong></span> <span class='ocrx_word' id='word_1_40' title='bbox 742 554 890 609; x_wconf 82' lang='grc' dir='ltr'><strong><em>ἀδικεῖ,</em></strong></span> <span class='ocrx_word' id='word_1_41' title='bbox 924 554 1034 610; x_wconf 82' lang='grc' dir='ltr'><strong><em>παρὰ</em></strong></span> <span class='ocrx_word' id='word_1_42' title='bbox 1069 554 1132 597; x_wconf 78' lang='grc' dir='ltr'><strong><em>σοὶ</em></strong></span> <span class='ocrx_word' id='word_1_43' title='bbox 1167 551 1207 596; x_wconf 82' lang='grc' dir='ltr'><strong><em>δ’</em></strong></span> <span class='ocrx_word' id='word_1_44' title='bbox 1239 553 1291 597; x_wconf 75' lang='grc' dir='ltr'><strong><em>ἂν</em></strong></span> <span class='ocrx_word' id='word_1_45' title='bbox 1325 555 1567 610; x_wconf 76' lang='grc' dir='ltr'><strong><em>συγγνώμης</em></strong></span> 
     </span>
     <span class='ocr_line' id='line_1_7' title="bbox 186 617 1621 679; baseline 0 -17"><span class='ocrx_word' id='word_1_46' title='bbox 186 622 314 676; x_wconf 79' lang='grc' dir='ltr'><strong><em>τύχοι·</em></strong></span> <span class='ocrx_word' id='word_1_47' title='bbox 341 625 475 679; x_wconf 78' lang='grc' dir='ltr'><strong><em>πολλῷ</em></strong></span> <span class='ocrx_word' id='word_1_48' title='bbox 499 625 553 678; x_wconf 80' lang='grc' dir='ltr'><strong><em>τῷ</em></strong></span> <span class='ocrx_word' id='word_1_49' title='bbox 575 622 727 678; x_wconf 82' lang='grc' dir='ltr'><strong><em>φίλτρῳ</em></strong></span> <span class='ocrx_word' id='word_1_50' title='bbox 751 620 936 676; x_wconf 85' lang='grc' dir='ltr'><strong><em>κέχρηται</em></strong></span> <span class='ocrx_word' id='word_1_51' title='bbox 961 621 1063 677; x_wconf 85' lang='grc' dir='ltr'><strong><em>πρὸς</em></strong></span> <span class='ocrx_word' id='word_1_52' title='bbox 1094 620 1183 675; x_wconf 78' lang='grc' dir='ltr'><strong><em>ἐμέ,</em></strong></span> <span class='ocrx_word' id='word_1_53' title='bbox 1208 620 1277 663; x_wconf 81' lang='grc' dir='ltr'><strong><em>καὶ</em></strong></span> <span class='ocrx_word' id='word_1_54' title='bbox 1300 617 1409 662; x_wconf 84' lang='grc' dir='ltr'><strong><em>τοῦτ’</em></strong></span> <span class='ocrx_word' id='word_1_55' title='bbox 1439 620 1564 663; x_wconf 81' lang='grc' dir='ltr'><strong><em>αὐτὸν</em></strong></span> <span class='ocrx_word' id='word_1_56' title='bbox 1604 635 1621 662; x_wconf 76' lang='lat'><strong>5</strong></span> 
     </span>
     <span class='ocr_line' id='line_1_8' title="bbox 190 686 897 743; baseline -0.001 -13"><span class='ocrx_word' id='word_1_57' title='bbox 190 688 250 737; x_wconf 83' lang='grc' dir='ltr'><strong><em>εἰς</em></strong></span> <span class='ocrx_word' id='word_1_58' title='bbox 274 688 453 730; x_wconf 80' lang='grc' dir='ltr'><strong><em>ἐπαίνων</em></strong></span> <span class='ocrx_word' id='word_1_59' title='bbox 478 687 704 743; x_wconf 77' lang='grc' dir='ltr'><strong><em>ὑπερβολὰς</em></strong></span> <span class='ocrx_word' id='word_1_60' title='bbox 729 686 897 742; x_wconf 79' lang='grc' dir='ltr'><strong><em>ἐκφέρει.</em></strong></span> 
     </span>
    </p>
   </div>
   <div class='ocr_carea' id='block_1_4' title="bbox 661 854 1640 999">
    <p class='ocr_par' dir='ltr' id='par_1_4' title="bbox 661 854 1640 999">
     <span class='ocr_line' id='line_1_9' title="bbox 841 854 1640 911; baseline 0.001 -13"><span class='ocrx_word' id='word_1_61' title='bbox 841 854 912 911; x_wconf 65' lang='grc' dir='ltr'><strong><em>ιβ’.</em></strong></span> <span class='ocrx_word' id='word_1_62' title='bbox 1494 863 1542 899; x_wconf 89' lang='lat' dir='ltr'>w</span> <span class='ocrx_word' id='word_1_63' title='bbox 1570 866 1640 899; x_wconf 83' lang='lat'><strong><em>305</em></strong></span> 
     </span>
     <span class='ocr_line' id='line_1_10' title="bbox 661 938 1422 999; baseline 0.001 -17"><span class='ocrx_word' id='word_1_64' title='bbox 661 941 914 999; x_wconf 75' lang='grc' dir='ltr'><strong><em>Ε’ὗφημίῳ.</em></strong></span> <span class='ocrx_word' id='word_1_65' title='bbox 947 944 1082 989; x_wconf 66' lang='grc'><em>(3612)</em></span> <span class='ocrx_word' id='word_1_66' title='bbox 1419 938 1422 940; x_wconf 14' lang='lat' dir='ltr'>v</span> 
     </span>
    </p>
   </div>
   <div class='ocr_carea' id='block_1_5' title="bbox 191 1023 1625 1675">
    <p class='ocr_par' dir='ltr' id='par_1_5' title="bbox 191 1023 1625 1675">
     <span class='ocr_line' id='line_1_11' title="bbox 254 1023 1570 1091; baseline -0.001 -25"><span class='ocrx_word' id='word_1_67' title='bbox 254 1030 292 1067; x_wconf 90' lang='lat'><strong><em>1.</em></strong></span> <span class='ocrx_word' id='word_1_68' title='bbox 313 1023 575 1081; x_wconf 81' lang='grc' dir='ltr'><strong><em>Ὁρμηθεῖσιν</em></strong></span> <span class='ocrx_word' id='word_1_69' title='bbox 600 1024 654 1074; x_wconf 81' lang='grc' dir='ltr'><strong><em>ὡς</em></strong></span> <span class='ocrx_word' id='word_1_70' title='bbox 678 1024 721 1067; x_wconf 83' lang='grc' dir='ltr'><strong><em>σὲ</em></strong></span> <span class='ocrx_word' id='word_1_71' title='bbox 752 1029 848 1074; x_wconf 86' lang='grc' dir='ltr'><strong><em>τοῖς·</em></strong></span> <span class='ocrx_word' id='word_1_72' title='bbox 872 1025 1042 1080; x_wconf 80' lang='grc' dir='ltr'><strong><em>ἑταίροις</em></strong></span> <span class='ocrx_word' id='word_1_73' title='bbox 1066 1024 1301 1079; x_wconf 55' lang='grc' dir='ltr'><strong><em>Ῑσυνήσθην.</em></strong></span> <span class='ocrx_word' id='word_1_74' title='bbox 1340 1025 1407 1091; x_wconf 50' lang='grc' dir='ltr'><strong><em>καὶ</em></strong></span> <span class='ocrx_word' id='word_1_75' title='bbox 1433 1024 1507 1080; x_wconf 83' lang='grc' dir='ltr'><strong><em>γὰρ</em></strong></span> <span class='ocrx_word' id='word_1_76' title='bbox 1533 1025 1570 1066; x_wconf 86' lang='grc' dir='ltr'><strong><em>εἰ</em></strong></span> 
     </span>
     <span class='ocr_line' id='line_1_12' title="bbox 192 1087 1624 1147; baseline 0.001 -15"><span class='ocrx_word' id='word_1_77' title='bbox 192 1091 312 1145; x_wconf 78' lang='grc' dir='ltr'><strong><em>μήπω</em></strong></span> <span class='ocrx_word' id='word_1_78' title='bbox 337 1090 477 1147; x_wconf 83' lang='grc' dir='ltr'><strong><em>καιρὸς</em></strong></span> <span class='ocrx_word' id='word_1_79' title='bbox 502 1091 590 1144; x_wconf 81' lang='grc' dir='ltr'><strong><em>ἥκει</em></strong></span> <span class='ocrx_word' id='word_1_80' title='bbox 615 1098 687 1132; x_wconf 85' lang='grc' dir='ltr'><strong><em>τοῦ</em></strong></span> <span class='ocrx_word' id='word_1_81' title='bbox 719 1089 866 1146; x_wconf 81' lang='grc' dir='ltr'><strong><em>λέγειν,</em></strong></span> <span class='ocrx_word' id='word_1_82' title='bbox 896 1087 982 1132; x_wconf 81' lang='grc' dir='ltr'><strong><em>ἀλλ’</em></strong></span> <span class='ocrx_word' id='word_1_83' title='bbox 1011 1091 1176 1133; x_wconf 79' lang='grc' dir='ltr'><strong><em>ἀκούειν</em></strong></span> <span class='ocrx_word' id='word_1_84' title='bbox 1209 1107 1252 1146; x_wconf 75' lang='grc' dir='ltr'><strong><em>γε</em></strong></span> <span class='ocrx_word' id='word_1_85' title='bbox 1284 1087 1467 1133; x_wconf 79' lang='grc' dir='ltr'><strong><em>δύναιντ’</em></strong></span> <span class='ocrx_word' id='word_1_86' title='bbox 1503 1089 1567 1133; x_wconf 76' lang='grc' dir='ltr'><strong><em>ἅν.</em></strong></span> <span class='ocrx_word' id='word_1_87' title='bbox 1587 1099 1624 1125; x_wconf 80' lang='lat'><strong><em>1⁰</em></strong></span> 
     </span>
     <span class='ocr_line' id='line_1_13' title="bbox 192 1155 1569 1212; baseline 0 -14"><span class='ocrx_word' id='word_1_88' title='bbox 192 1161 299 1198; x_wconf 84' lang='grc' dir='ltr'><strong><em>καλῶ</em></strong></span> <span class='ocrx_word' id='word_1_89' title='bbox 325 1155 369 1198; x_wconf 80' lang='grc' dir='ltr'><strong><em>δὲ</em></strong></span> <span class='ocrx_word' id='word_1_90' title='bbox 394 1156 537 1212; x_wconf 83' lang='grc' dir='ltr'><strong><em>καιρὸν</em></strong></span> <span class='ocrx_word' id='word_1_91' title='bbox 575 1157 625 1199; x_wconf 81' lang='grc' dir='ltr'><strong><em>οὐ</em></strong></span> <span class='ocrx_word' id='word_1_92' title='bbox 659 1157 735 1211; x_wconf 84' lang='grc' dir='ltr'><strong><em>τὴν</em></strong></span> <span class='ocrx_word' id='word_1_93' title='bbox 766 1157 889 1208; x_wconf 78' lang='grc' dir='ltr'><strong><em>δόξαν</em></strong></span> <span class='ocrx_word' id='word_1_94' title='bbox 920 1164 992 1199; x_wconf 81' lang='grc' dir='ltr'><strong><em>τοῦ</em></strong></span> <span class='ocrx_word' id='word_1_95' title='bbox 1024 1158 1231 1199; x_wconf 77' lang='grc' dir='ltr'><strong><em>δύνασθαι</em></strong></span> <span class='ocrx_word' id='word_1_96' title='bbox 1261 1160 1454 1212; x_wconf 84' lang='grc' dir='ltr'><strong><em>βοηθεῖν,</em></strong></span> <span class='ocrx_word' id='word_1_97' title='bbox 1484 1156 1569 1199; x_wconf 75' lang='grc' dir='ltr'><strong><em>ἐπεὶ</em></strong></span> 
     </span>
     <span class='ocr_line' id='line_1_14' title="bbox 194 1222 1569 1279; baseline 0.001 -15"><span class='ocrx_word' id='word_1_98' title='bbox 194 1222 262 1264; x_wconf 82' lang='grc' dir='ltr'><strong><em>καὶ</em></strong></span> <span class='ocrx_word' id='word_1_99' title='bbox 286 1230 366 1264; x_wconf 86' lang='grc' dir='ltr'><strong><em>νῦν</em></strong></span> <span class='ocrx_word' id='word_1_100' title='bbox 390 1235 470 1264; x_wconf 86' lang='grc' dir='ltr'><strong><em>τισι</em></strong></span> <span class='ocrx_word' id='word_1_101' title='bbox 495 1224 707 1278; x_wconf 82' lang='grc' dir='ltr'><strong><em>δοκοῦσιν,</em></strong></span> <span class='ocrx_word' id='word_1_102' title='bbox 733 1223 832 1265; x_wconf 84' lang='grc' dir='ltr'><strong><em>ἀλλὰ</em></strong></span> <span class='ocrx_word' id='word_1_103' title='bbox 855 1223 931 1277; x_wconf 80' lang='grc' dir='ltr'><strong><em>τὴν</em></strong></span> <span class='ocrx_word' id='word_1_104' title='bbox 956 1224 1141 1278; x_wconf 86' lang='grc' dir='ltr'><strong><em>λώφησιν</em></strong></span> <span class='ocrx_word' id='word_1_105' title='bbox 1171 1230 1244 1265; x_wconf 83' lang='grc' dir='ltr'><strong><em>τοῦ</em></strong></span> <span class='ocrx_word' id='word_1_106' title='bbox 1275 1230 1355 1264; x_wconf 85' lang='grc' dir='ltr'><strong><em>τῶν</em></strong></span> <span class='ocrx_word' id='word_1_107' title='bbox 1386 1223 1569 1279; x_wconf 78' lang='grc' dir='ltr'><strong><em>πραγμά-</em></strong></span> 
     </span>
     <span class='ocr_line' id='line_1_15' title="bbox 191 1285 1569 1345; baseline 0.001 -14"><span class='ocrx_word' id='word_1_108' title='bbox 191 1305 272 1332; x_wconf 90' lang='grc' dir='ltr'><strong><em>των</em></strong></span> <span class='ocrx_word' id='word_1_109' title='bbox 298 1288 432 1343; x_wconf 82' lang='grc' dir='ltr'><strong><em>ὄχλου,</em></strong></span> <span class='ocrx_word' id='word_1_110' title='bbox 458 1285 514 1330; x_wconf 87' lang='grc' dir='ltr'><strong><em>δι’</em></strong></span> <span class='ocrx_word' id='word_1_111' title='bbox 541 1287 590 1330; x_wconf 80' lang='grc' dir='ltr'><strong><em>ὃν</em></strong></span> <span class='ocrx_word' id='word_1_112' title='bbox 615 1286 708 1331; x_wconf 79' lang='grc' dir='ltr'><strong><em>οὐδ’</em></strong></span> <span class='ocrx_word' id='word_1_113' title='bbox 737 1289 1001 1345; x_wconf 75' lang='grc' dir='ltr'><strong><em>ἐπικουρῆσαι</em></strong></span> <span class='ocrx_word' id='word_1_114' title='bbox 1025 1297 1106 1331; x_wconf 84' lang='grc' dir='ltr'><strong><em>τῶν</em></strong></span> <span class='ocrx_word' id='word_1_115' title='bbox 1129 1290 1311 1345; x_wconf 79' lang='grc' dir='ltr'><strong><em>ρητόρων</em></strong></span> <span class='ocrx_word' id='word_1_116' title='bbox 1336 1294 1421 1339; x_wconf 92' lang='grc' dir='ltr'><strong><em>τοῖς</em></strong></span> <span class='ocrx_word' id='word_1_117' title='bbox 1445 1289 1569 1343; x_wconf 81' lang='grc' dir='ltr'><strong><em>πένη-</em></strong></span> 
     </span>
     <span class='ocr_line' id='line_1_16' title="bbox 191 1351 1569 1410; baseline 0.001 -14"><span class='ocrx_word' id='word_1_118' title='bbox 191 1367 259 1397; x_wconf 92' lang='grc' dir='ltr'><strong><em>σιν</em></strong></span> <span class='ocrx_word' id='word_1_119' title='bbox 283 1355 364 1397; x_wconf 74' lang='grc' dir='ltr'><strong><em>ἔστι</em></strong></span> <span class='ocrx_word' id='word_1_120' title='bbox 390 1367 464 1397; x_wconf 92' lang='grc' dir='ltr'><strong><em>σοι.</em></strong></span> <span class='ocrx_word' id='word_1_121' title='bbox 504 1359 543 1397; x_wconf 83' lang='grc'><strong><em>2.</em></strong></span> <span class='ocrx_word' id='word_1_122' title='bbox 569 1355 826 1409; x_wconf 80' lang='grc' dir='ltr'><strong><em>λέξουσιμὲν</em></strong></span> <span class='ocrx_word' id='word_1_123' title='bbox 857 1351 933 1398; x_wconf 79' lang='grc' dir='ltr'><strong><em>οὖν</em></strong></span> <span class='ocrx_word' id='word_1_124' title='bbox 964 1357 1023 1406; x_wconf 88' lang='grc' dir='ltr'><strong><em>εἰς</em></strong></span> <span class='ocrx_word' id='word_1_125' title='bbox 1056 1356 1162 1410; x_wconf 87' lang='grc' dir='ltr'><strong><em>τότε,</em></strong></span> <span class='ocrx_word' id='word_1_126' title='bbox 1197 1357 1341 1398; x_wconf 84' lang='grc' dir='ltr'><strong><em>κωλύει</em></strong></span> <span class='ocrx_word' id='word_1_127' title='bbox 1373 1355 1416 1398; x_wconf 82' lang='grc' dir='ltr'><strong><em>δὲ</em></strong></span> <span class='ocrx_word' id='word_1_128' title='bbox 1449 1355 1569 1398; x_wconf 78' lang='grc' dir='ltr'><strong><em>οὐδὲν</em></strong></span> 
     </span>
     <span class='ocr_line' id='line_1_17' title="bbox 193 1418 1625 1478; baseline 0.001 -15"><span class='ocrx_word' id='word_1_129' title='bbox 193 1421 261 1463; x_wconf 78' lang='grc' dir='ltr'><strong><em>καὶ</em></strong></span> <span class='ocrx_word' id='word_1_130' title='bbox 286 1428 481 1476; x_wconf 77' lang='grc' dir='ltr'><strong><em>σιγῶντας</em></strong></span> <span class='ocrx_word' id='word_1_131' title='bbox 506 1420 726 1463; x_wconf 81' lang='grc' dir='ltr'><strong><em>ἀπολαύειν</em></strong></span> <span class='ocrx_word' id='word_1_132' title='bbox 750 1422 925 1476; x_wconf 80' lang='grc' dir='ltr'><strong><em>εὐνοίας,</em></strong></span> <span class='ocrx_word' id='word_1_133' title='bbox 950 1422 1005 1473; x_wconf 84' lang='grc' dir='ltr'><strong><em>ὡς</em></strong></span> <span class='ocrx_word' id='word_1_134' title='bbox 1027 1422 1076 1465; x_wconf 80' lang='grc' dir='ltr'><strong><em>οὐ</em></strong></span> <span class='ocrx_word' id='word_1_135' title='bbox 1095 1423 1239 1478; x_wconf 84' lang='grc' dir='ltr'><strong><em>μικρόν</em></strong></span> <span class='ocrx_word' id='word_1_136' title='bbox 1264 1438 1307 1478; x_wconf 75' lang='grc' dir='ltr'><strong><em>γε</em></strong></span> <span class='ocrx_word' id='word_1_137' title='bbox 1332 1427 1417 1472; x_wconf 83' lang='grc' dir='ltr'><strong><em>τοῖς</em></strong></span> <span class='ocrx_word' id='word_1_138' title='bbox 1443 1418 1569 1478; x_wconf 79' lang='grc' dir='ltr'><strong><em>οὗπερ</em></strong></span> <span class='ocrx_word' id='word_1_139' title='bbox 1588 1429 1625 1457; x_wconf 79' lang='lat'><strong><em>²⁵</em></strong></span> 
     </span>
     <span class='ocr_line' id='line_1_18' title="bbox 191 1487 1571 1544; baseline 0 -15"><span class='ocrx_word' id='word_1_140' title='bbox 191 1488 278 1530; x_wconf 75' lang='grc' dir='ltr'><strong><em>οἵδε</em></strong></span> <span class='ocrx_word' id='word_1_141' title='bbox 303 1487 553 1543; x_wconf 83' lang='grc' dir='ltr'><strong><em>τεταγμένοις</em></strong></span> <span class='ocrx_word' id='word_1_142' title='bbox 579 1488 730 1544; x_wconf 79' lang='grc' dir='ltr'><strong><em>ἥμερον</em></strong></span> <span class='ocrx_word' id='word_1_143' title='bbox 754 1489 812 1538; x_wconf 85' lang='grc' dir='ltr'><strong><em>εἰς</em></strong></span> <span class='ocrx_word' id='word_1_144' title='bbox 836 1488 983 1539; x_wconf 77' lang='grc' dir='ltr'><strong><em>αὐτοὺς</em></strong></span> <span class='ocrx_word' id='word_1_145' title='bbox 1006 1488 1156 1543; x_wconf 84' lang='grc' dir='ltr'><strong><em>βλέψαι</em></strong></span> <span class='ocrx_word' id='word_1_146' title='bbox 1179 1489 1250 1531; x_wconf 88' lang='grc' dir='ltr'><strong><em>τὸν</em></strong></span> <span class='ocrx_word' id='word_1_147' title='bbox 1274 1488 1458 1544; x_wconf 74' lang='grc' dir='ltr'><strong><em>ἄρχοντα.</em></strong></span> <span class='ocrx_word' id='word_1_148' title='bbox 1494 1488 1571 1530; x_wconf 76' lang='grc' dir='ltr'><strong><em>εἰσὶ</em></strong></span> 
     </span>
     <span class='ocr_line' id='line_1_19' title="bbox 193 1550 1569 1609; baseline 0.001 -14"><span class='ocrx_word' id='word_1_149' title='bbox 193 1552 237 1595; x_wconf 81' lang='grc' dir='ltr'><strong><em>δὲ</em></strong></span> <span class='ocrx_word' id='word_1_150' title='bbox 262 1553 368 1604; x_wconf 71' lang='grc' dir='ltr'><strong><em>ἄξιοι</em></strong></span> <span class='ocrx_word' id='word_1_151' title='bbox 401 1561 474 1595; x_wconf 81' lang='grc' dir='ltr'><strong><em>τοῦ</em></strong></span> <span class='ocrx_word' id='word_1_152' title='bbox 505 1555 663 1596; x_wconf 82' lang='grc' dir='ltr'><strong><em>τοιοῦδε</em></strong></span> <span class='ocrx_word' id='word_1_153' title='bbox 687 1550 801 1596; x_wconf 84' lang='grc' dir='ltr'><strong><em>οὗτοι</em></strong></span> <span class='ocrx_word' id='word_1_154' title='bbox 825 1554 1046 1608; x_wconf 85' lang='grc' dir='ltr'><strong><em>βλέμματος</em></strong></span> <span class='ocrx_word' id='word_1_155' title='bbox 1065 1555 1261 1604; x_wconf 83' lang='grc' dir='ltr'><strong><em>Λεόντιός</em></strong></span> <span class='ocrx_word' id='word_1_156' title='bbox 1285 1571 1324 1595; x_wconf 86' lang='grc' dir='ltr'><strong><em>τε</em></strong></span> <span class='ocrx_word' id='word_1_157' title='bbox 1351 1554 1419 1596; x_wconf 83' lang='grc' dir='ltr'><strong><em>καὶ</em></strong></span> <span class='ocrx_word' id='word_1_158' title='bbox 1445 1558 1569 1609; x_wconf 84' lang='grc' dir='ltr'><strong><em>Μαρ-</em></strong></span> 
     </span>
     <span class='ocr_line' id='line_1_20' title="bbox 193 1619 1025 1675; baseline 0.001 -14"><span class='ocrx_word' id='word_1_159' title='bbox 193 1619 334 1669; x_wconf 81' lang='grc' dir='ltr'><strong><em>κιανὸς</em></strong></span> <span class='ocrx_word' id='word_1_160' title='bbox 358 1619 426 1661; x_wconf 87' lang='grc' dir='ltr'><strong><em>καὶ</em></strong></span> <span class='ocrx_word' id='word_1_161' title='bbox 450 1619 580 1675; x_wconf 78' lang='grc' dir='ltr'><strong><em>λόγων</em></strong></span> <span class='ocrx_word' id='word_1_162' title='bbox 605 1620 738 1662; x_wconf 75' lang='grc' dir='ltr'><strong><em>εἵνεκα</em></strong></span> <span class='ocrx_word' id='word_1_163' title='bbox 761 1620 829 1661; x_wconf 81' lang='grc' dir='ltr'><strong><em>καὶ</em></strong></span> <span class='ocrx_word' id='word_1_164' title='bbox 854 1621 1025 1675; x_wconf 76' lang='grc' dir='ltr'><strong><em>τρόπων.</em></strong></span> 
     </span>
    </p>
   </div>
   <div class='ocr_carea' id='block_1_6' title="bbox 194 1719 487 1725">
    <p class='ocr_par' dir='ltr' id='par_1_6' title="bbox 194 1719 487 1725">
     <span class='ocr_line' id='line_1_21' title="bbox 194 1719 487 1725; baseline 0 0"><span class='ocrx_word' id='word_1_165' title='bbox 194 1719 487 1725; x_wconf 95' lang='lat' dir='ltr'><strong><em> </em></strong></span> 
     </span>
    </p>
   </div>
   <div class='ocr_carea' id='block_1_7' title="bbox 271 1770 1023 1820">
    <p class='ocr_par' dir='ltr' id='par_1_7' title="bbox 271 1770 1023 1820">
     <span class='ocr_line' id='line_1_22' title="bbox 271 1770 1023 1820; baseline 0.001 -12"><span class='ocrx_word' id='word_1_166' title='bbox 271 1775 291 1807; x_wconf 83' lang='grc'><strong>7</strong></span> <span class='ocrx_word' id='word_1_167' title='bbox 323 1771 393 1808; x_wconf 83' lang='lat' dir='ltr'><strong><em>VII</em></strong></span> <span class='ocrx_word' id='word_1_168' title='bbox 415 1771 463 1818; x_wconf 85' lang='grc' dir='ltr'><strong><em>α’,</em></strong></span> <span class='ocrx_word' id='word_1_169' title='bbox 490 1770 587 1808; x_wconf 79' lang='grc' dir='ltr'><strong><em>σπδ’.</em></strong></span> <span class='ocrx_word' id='word_1_170' title='bbox 622 1773 679 1809; x_wconf 87' lang='lat' dir='ltr'><strong><em>Va</em></strong></span> <span class='ocrx_word' id='word_1_171' title='bbox 703 1772 751 1819; x_wconf 78' lang='grc' dir='ltr'><strong><em>γ’,</em></strong></span> <span class='ocrx_word' id='word_1_172' title='bbox 775 1771 822 1818; x_wconf 67' lang='grc' dir='ltr'><strong><em>ξ’.</em></strong></span> <span class='ocrx_word' id='word_1_173' title='bbox 858 1774 910 1809; x_wconf 90' lang='lat' dir='ltr'><strong><em>Vo</em></strong></span> <span class='ocrx_word' id='word_1_174' title='bbox 931 1772 977 1820; x_wconf 81' lang='grc' dir='ltr'><strong><em>γ’,</em></strong></span> <span class='ocrx_word' id='word_1_175' title='bbox 1002 1777 1023 1818; x_wconf 73' lang='grc' dir='ltr'><em>ᾗ</em></span> 
     </span>
    </p>
   </div>
   <div class='ocr_carea' id='block_1_8' title="bbox 197 1863 486 1870">
    <p class='ocr_par' dir='ltr' id='par_1_8' title="bbox 197 1863 486 1870">
     <span class='ocr_line' id='line_1_23' title="bbox 197 1863 486 1870; baseline 0 1094"><span class='ocrx_word' id='word_1_176' title='bbox 197 1863 486 1870; x_wconf 95' lang='lat' dir='ltr'><strong><em> </em></strong></span> 
     </span>
    </p>
   </div>
   <div class='ocr_carea' id='block_1_9' title="bbox 195 1915 1569 2012">
    <p class='ocr_par' dir='ltr' id='par_1_9' title="bbox 195 1915 1569 2012">
     <span class='ocr_line' id='line_1_24' title="bbox 267 1915 1569 1955; baseline 0.003 -4"><span class='ocrx_word' id='word_1_177' title='bbox 267 1920 290 1951; x_wconf 82' lang='grc'>8</span> <span class='ocrx_word' id='word_1_178' title='bbox 316 1915 435 1952; x_wconf 81' lang='lat' dir='ltr'><strong>Seeck</strong></span> <span class='ocrx_word' id='word_1_179' title='bbox 463 1919 542 1952; x_wconf 78' lang='lat'><strong>136.</strong></span> <span class='ocrx_word' id='word_1_180' title='bbox 564 1920 647 1954; x_wconf 81' lang='lat'><strong>378.</strong></span> <span class='ocrx_word' id='word_1_181' title='bbox 680 1916 848 1953; x_wconf 85' lang='lat' dir='ltr'>Silomou</span> <span class='ocrx_word' id='word_1_182' title='bbox 876 1921 920 1952; x_wconf 72' lang='lat'><strong><em>47</em></strong></span> <span class='ocrx_word' id='word_1_183' title='bbox 997 1921 1018 1953; x_wconf 84' lang='grc'>9</span> <span class='ocrx_word' id='word_1_184' title='bbox 1044 1918 1204 1955; x_wconf 72' lang='lat' dir='ltr'>Leontio</span> <span class='ocrx_word' id='word_1_185' title='bbox 1236 1921 1274 1954; x_wconf 79' lang='lat' dir='ltr'><strong><em>et</em></strong></span> <span class='ocrx_word' id='word_1_186' title='bbox 1303 1919 1494 1955; x_wconf 79' lang='lat' dir='ltr'><strong><em>Marciano</em></strong></span> <span class='ocrx_word' id='word_1_187' title='bbox 1521 1919 1569 1955; x_wconf 83' lang='lat' dir='ltr'><strong><em>ef.</em></strong></span> 
     </span>
     <span class='ocr_line' id='line_1_25' title="bbox 195 1963 1446 2012; baseline 0.003 -13"><span class='ocrx_word' id='word_1_188' title='bbox 195 1963 314 2000; x_wconf 72' lang='lat' dir='ltr'><strong>Seeck</strong></span> <span class='ocrx_word' id='word_1_189' title='bbox 342 1967 423 2000; x_wconf 77' lang='lat'><strong>197.</strong></span> <span class='ocrx_word' id='word_1_190' title='bbox 442 1968 513 2000; x_wconf 82' lang='lat'><strong><em>203</em></strong></span> <span class='ocrx_word' id='word_1_191' title='bbox 589 1969 634 2001; x_wconf 81' lang='lat'><strong><em>14</em></strong></span> <span class='ocrx_word' id='word_1_192' title='bbox 654 1964 702 2001; x_wconf 78' lang='lat' dir='ltr'><strong><em>cf.</em></strong></span> <span class='ocrx_word' id='word_1_193' title='bbox 722 1965 819 2001; x_wconf 78' lang='lat' dir='ltr'>t.111</span> <span class='ocrx_word' id='word_1_194' title='bbox 842 1969 921 2010; x_wconf 76' lang='lat'>146,</span> <span class='ocrx_word' id='word_1_195' title='bbox 938 1969 982 2001; x_wconf 88' lang='lat'><strong><em>13</em></strong></span> <span class='ocrx_word' id='word_1_196' title='bbox 1060 1970 1104 2002; x_wconf 89' lang='lat'><strong><em>18</em></strong></span> <span class='ocrx_word' id='word_1_197' title='bbox 1130 1966 1177 2002; x_wconf 82' lang='lat' dir='ltr'><strong><em>cf.</em></strong></span> <span class='ocrx_word' id='word_1_198' title='bbox 1198 1971 1226 2002; x_wconf 83' lang='lat' dir='ltr'><strong><em>t.</em></strong></span> <span class='ocrx_word' id='word_1_199' title='bbox 1249 1966 1334 2003; x_wconf 83' lang='lat' dir='ltr'><strong><em>Vffl</em></strong></span> <span class='ocrx_word' id='word_1_200' title='bbox 1353 1970 1412 2012; x_wconf 85' lang='lat'><strong><em>80,</em></strong></span> <span class='ocrx_word' id='word_1_201' title='bbox 1429 1973 1446 2003; x_wconf 88' lang='lat'>1</span> 
     </span>
    </p>
   </div>
   <div class='ocr_carea' id='block_1_10' title="bbox 197 2054 489 2062">
    <p class='ocr_par' dir='ltr' id='par_1_10' title="bbox 197 2054 489 2062">
     <span class='ocr_line' id='line_1_26' title="bbox 197 2054 489 2062; baseline 0 902"><span class='ocrx_word' id='word_1_202' title='bbox 197 2054 489 2062; x_wconf 95' lang='lat' dir='ltr'><strong><em> </em></strong></span> 
     </span>
    </p>
   </div>
   <div class='ocr_carea' id='block_1_11' title="bbox 195 2108 1575 2348">
    <p class='ocr_par' dir='ltr' id='par_1_11' title="bbox 195 2108 1575 2348">
     <span class='ocr_line' id='line_1_27' title="bbox 269 2108 1506 2159; baseline 0.003 -15"><span class='ocrx_word' id='word_1_203' title='bbox 269 2111 290 2143; x_wconf 82' lang='lat'>2</span> <span class='ocrx_word' id='word_1_204' title='bbox 316 2108 382 2144; x_wconf 75' lang='grc' dir='ltr'><strong><em>καὶ</em></strong></span> <span class='ocrx_word' id='word_1_205' title='bbox 407 2108 589 2145; x_wconf 79' lang='grc' dir='ltr'><strong><em>ἀκούοντι</em></strong></span> <span class='ocrx_word' id='word_1_206' title='bbox 613 2120 676 2145; x_wconf 90' lang='lat' dir='ltr'><strong><em>om</em></strong></span> <span class='ocrx_word' id='word_1_207' title='bbox 701 2109 750 2145; x_wconf 73' lang='lat' dir='ltr'><strong><em>Vi</em></strong></span> <span class='ocrx_word' id='word_1_208' title='bbox 793 2111 800 2156; x_wconf 91' lang='grc'>1</span> <span class='ocrx_word' id='word_1_209' title='bbox 845 2116 974 2147; x_wconf 83' lang='grc' dir='ltr'><strong><em>πεῖσαι</em></strong></span> <span class='ocrx_word' id='word_1_210' title='bbox 998 2111 1027 2148; x_wconf 74' lang='lat' dir='ltr'><strong><em>,s-</em></strong></span> <span class='ocrx_word' id='word_1_211' title='bbox 1101 2114 1121 2146; x_wconf 78' lang='lat'>3</span> <span class='ocrx_word' id='word_1_212' title='bbox 1147 2116 1321 2159; x_wconf 78' lang='grc' dir='ltr'><strong><em>πανταχῇ</em></strong></span> <span class='ocrx_word' id='word_1_213' title='bbox 1348 2111 1444 2148; x_wconf 81' lang='lat' dir='ltr'><strong><em>VVa</em></strong></span> <span class='ocrx_word' id='word_1_214' title='bbox 1454 2113 1506 2148; x_wconf 90' lang='lat' dir='ltr'><strong><em>Vo</em></strong></span> 
     </span>
     <span class='ocr_line' id='line_1_28' title="bbox 199 2155 1500 2204; baseline 0.003 -12"><span class='ocrx_word' id='word_1_215' title='bbox 199 2158 244 2191; x_wconf 91' lang='grc'><strong><em>10</em></strong></span> <span class='ocrx_word' id='word_1_216' title='bbox 269 2155 416 2193; x_wconf 76' lang='grc' dir='ltr'><strong><em>δύναιτ’</em></strong></span> <span class='ocrx_word' id='word_1_217' title='bbox 450 2156 508 2193; x_wconf 87' lang='lat' dir='ltr'><strong><em>Va</em></strong></span> <span class='ocrx_word' id='word_1_218' title='bbox 517 2157 570 2194; x_wconf 89' lang='lat' dir='ltr'><strong><em>Vo</em></strong></span> <span class='ocrx_word' id='word_1_219' title='bbox 596 2157 664 2194; x_wconf 83' lang='lat' dir='ltr'><strong><em>sed</em></strong></span> <span class='ocrx_word' id='word_1_220' title='bbox 688 2156 730 2193; x_wconf 89' lang='lat' dir='ltr'>in</span> <span class='ocrx_word' id='word_1_221' title='bbox 755 2157 827 2194; x_wconf 86' lang='lat' dir='ltr'><strong><em>hoc</em></strong></span> <span class='ocrx_word' id='word_1_222' title='bbox 852 2172 876 2195; x_wconf 90' lang='grc' dir='ltr'><strong><em>ν</em></strong></span> <span class='ocrx_word' id='word_1_223' title='bbox 899 2158 1003 2196; x_wconf 79' lang='lat' dir='ltr'>inser</span> <span class='ocrx_word' id='word_1_224' title='bbox 1026 2158 1085 2194; x_wconf 87' lang='lat' dir='ltr'><strong><em>m¹</em></strong></span> <span class='ocrx_word' id='word_1_225' title='bbox 1178 2163 1222 2195; x_wconf 80' lang='lat'><strong><em>14</em></strong></span> <span class='ocrx_word' id='word_1_226' title='bbox 1247 2159 1418 2204; x_wconf 79' lang='grc' dir='ltr'><strong><em>λέξουσιν</em></strong></span> <span class='ocrx_word' id='word_1_227' title='bbox 1446 2159 1500 2196; x_wconf 87' lang='lat' dir='ltr'><strong><em>Va</em></strong></span> 
     </span>
     <span class='ocr_line' id='line_1_29' title="bbox 199 2203 1575 2254; baseline 0.004 -15"><span class='ocrx_word' id='word_1_228' title='bbox 199 2207 244 2240; x_wconf 73' lang='lat'><strong><em>1⁶</em></strong></span> <span class='ocrx_word' id='word_1_229' title='bbox 274 2209 354 2246; x_wconf 78' lang='grc' dir='ltr'><strong><em>τοῖς</em></strong></span> <span class='ocrx_word' id='word_1_230' title='bbox 383 2203 520 2251; x_wconf 75' lang='lat' dir='ltr'>scripsi</span> <span class='ocrx_word' id='word_1_231' title='bbox 549 2205 595 2241; x_wconf 73' lang='lat' dir='ltr'><strong><em>ut</em></strong></span> <span class='ocrx_word' id='word_1_232' title='bbox 625 2205 712 2242; x_wconf 80' lang='lat' dir='ltr'>coni</span> <span class='ocrx_word' id='word_1_233' title='bbox 737 2205 793 2242; x_wconf 83' lang='lat' dir='ltr'><strong><em>Re</em></strong></span> <span class='ocrx_word' id='word_1_234' title='bbox 829 2206 919 2250; x_wconf 75' lang='grc' dir='ltr'><strong><em>τοὺς</em></strong></span> <span class='ocrx_word' id='word_1_235' title='bbox 947 2205 1039 2243; x_wconf 83' lang='lat' dir='ltr'>libri</span> <span class='ocrx_word' id='word_1_236' title='bbox 1070 2205 1179 2243; x_wconf 84' lang='lat' dir='ltr'>Wolf</span> <span class='ocrx_word' id='word_1_237' title='bbox 1257 2211 1302 2243; x_wconf 86' lang='lat'><strong><em>16</em></strong></span> <span class='ocrx_word' id='word_1_238' title='bbox 1333 2207 1575 2254; x_wconf 78' lang='grc' dir='ltr'><strong><em>τεταγμένοις</em></strong></span> 
     </span>
     <span class='ocr_line' id='line_1_30' title="bbox 195 2251 1575 2302; baseline 0.004 -15"><span class='ocrx_word' id='word_1_239' title='bbox 195 2251 331 2296; x_wconf 68' lang='lat' dir='ltr'>scripsi</span> <span class='ocrx_word' id='word_1_240' title='bbox 355 2262 377 2288; x_wconf 77' lang='grc' dir='ltr'><strong><em>ο</em></strong></span> <span class='ocrx_word' id='word_1_241' title='bbox 403 2252 460 2288; x_wconf 88' lang='lat' dir='ltr'><strong><em>Va</em></strong></span> <span class='ocrx_word' id='word_1_242' title='bbox 484 2253 529 2288; x_wconf 71' lang='lat' dir='ltr'><strong><em>ut</em></strong></span> <span class='ocrx_word' id='word_1_243' title='bbox 553 2253 639 2289; x_wconf 82' lang='lat' dir='ltr'>coni</span> <span class='ocrx_word' id='word_1_244' title='bbox 657 2253 713 2289; x_wconf 57' lang='lat' dir='ltr'><strong><em>Re</em></strong></span> <span class='ocrx_word' id='word_1_245' title='bbox 730 2253 982 2300; x_wconf 71' lang='grc' dir='ltr'><strong><em>τεταγμένους</em></strong></span> <span class='ocrx_word' id='word_1_246' title='bbox 1003 2255 1095 2292; x_wconf 79' lang='lat' dir='ltr'><strong><em>VVo</em></strong></span> <span class='ocrx_word' id='word_1_247' title='bbox 1119 2254 1252 2302; x_wconf 68' lang='lat' dir='ltr'><strong>Wolf!</strong></span> <span class='ocrx_word' id='word_1_248' title='bbox 1275 2251 1355 2292; x_wconf 78' lang='grc' dir='ltr'><strong><em>οἶδε</em></strong></span> <span class='ocrx_word' id='word_1_249' title='bbox 1374 2254 1465 2292; x_wconf 87' lang='lat' dir='ltr'>libri</span> <span class='ocrx_word' id='word_1_250' title='bbox 1490 2267 1575 2292; x_wconf 84' lang='lat' dir='ltr'>corr</span> 
     </span>
     <span class='ocr_line' id='line_1_31' title="bbox 195 2298 1482 2348; baseline 0.003 -13"><span class='ocrx_word' id='word_1_251' title='bbox 195 2298 329 2347; x_wconf 61' lang='lat' dir='ltr'>Wolf!</span> <span class='ocrx_word' id='word_1_252' title='bbox 349 2299 491 2347; x_wconf 80' lang='grc' dir='ltr'><strong><em>ήμερον</em></strong></span> <span class='ocrx_word' id='word_1_253' title='bbox 519 2301 576 2338; x_wconf 84' lang='lat' dir='ltr'><strong><em>Va</em></strong></span> <span class='ocrx_word' id='word_1_254' title='bbox 612 2300 775 2348; x_wconf 82' lang='grc' dir='ltr'><strong><em>σήμερον</em></strong></span> <span class='ocrx_word' id='word_1_255' title='bbox 801 2302 893 2340; x_wconf 86' lang='lat' dir='ltr'><strong><em>VVo</em></strong></span> <span class='ocrx_word' id='word_1_256' title='bbox 918 2303 987 2339; x_wconf 73' lang='lat' dir='ltr'><strong><em>sed</em></strong></span> <span class='ocrx_word' id='word_1_257' title='bbox 1011 2302 1053 2339; x_wconf 87' lang='lat' dir='ltr'>in</span> <span class='ocrx_word' id='word_1_258' title='bbox 1077 2302 1149 2339; x_wconf 87' lang='lat' dir='ltr'><strong><em>hoc</em></strong></span> <span class='ocrx_word' id='word_1_259' title='bbox 1176 2314 1197 2339; x_wconf 84' lang='grc' dir='ltr'><strong><em>σ</em></strong></span> <span class='ocrx_word' id='word_1_260' title='bbox 1221 2303 1262 2339; x_wconf 88' lang='lat' dir='ltr'>in</span> <span class='ocrx_word' id='word_1_261' title='bbox 1281 2302 1291 2316; x_wconf 77' lang='lat'><strong>¹</strong></span> <span class='ocrx_word' id='word_1_262' title='bbox 1318 2313 1402 2339; x_wconf 83' lang='lat' dir='ltr'><strong>con·</strong></span> <span class='ocrx_word' id='word_1_263' title='bbox 1425 2303 1482 2339; x_wconf 69' lang='grc' dir='ltr'><strong><em>ιη*</em></strong></span> 
     </span>
    </p>
   </div>
  </div>
 </body>
</html>
