1806 2964
637 201 908 239 EmsTULAE
936 205 1128 238 ιρι-128
1225 178 1228 181 ’
1487 203 1569 244 129

188 318 310 375 λεύσῃ
329 318 423 372 περί
434 332 472 358 τε
493 323 571 358 τῶν
592 316 765 358 ἐλπίδων
784 322 864 357 τῶν
884 314 1043 357 ἐκεῖθεν
1062 314 1130 356 καὶ
1151 322 1220 369 τῆς
1236 313 1415 369 ἡσυχίας.
1439 319 1478 356 4.
1492 314 1513 356 ὃ
1529 315 1571 356 δὲ

186 390 311 426 ταῦτα
336 382 519 439 ἀγγείλας
546 382 614 424 καὶ
640 382 899 437 Πρισκιανός.
938 381 959 422 ὁ
986 381 1058 436 μὲν
1085 381 1240 437 ἀνέγνω
1263 385 1451 423 Τιτιανοῦ
1477 383 1572 431 τοὺς

185 451 351 507 λόγους,
391 450 639 506 Πρισκιανὸς
670 449 734 502 δέ,
765 449 849 490 τότε
880 449 956 504 γὰρ
988 447 1155 504 ἄσχολος
1185 443 1256 503 ἦν,
1287 455 1366 490 νῦν
1401 448 1572 499 ἀπαιτεῖ,

187 517 256 559 καὶ
279 516 543 570 ἀποδώσομεν
569 516 644 558 οὐκ
669 515 939 572 ἀγνοήσαντες
962 516 1038 570 τὴν
1060 515 1274 568 ἐπιστολὴν
1299 513 1343 556 ἐν
1362 508 1388 572 ᾗ
1409 515 1570 573 διαλέγῃ

187 589 242 644 τῷ
270 583 387 626 παιδὶ
416 585 510 638 περί
539 599 577 625 τε
610 589 752 637 φωνῆς
783 583 905 624 τόνου
936 583 1004 625 καὶ
1030 589 1110 624 τῶν
1135 581 1317 623 ἐνταῦθα
1341 583 1571 636 μεταβολῶν
1610 599 1625 623 5

187 651 414 705 πνεύματός
438 666 477 692 τε
498 650 736 703 ἀναπαύλης
754 649 823 691 καὶ
842 656 922 691 τῶν
942 647 1093 702 ἄλλων,
1119 648 1193 690 ὅσα
1218 648 1372 702 βοηθεῖ
1385 651 1440 707 τῷ
1455 647 1571 706 λόγῳ.

189 720 229 760 5.
254 718 281 759 ἅ
307 734 373 772 μοι
400 718 518 759 δοκεῖ
536 718 591 771 μὴ
618 717 746 771 μόνον
770 717 841 759 τὸν
866 716 1081 758 νεανίσκον
1112 714 1262 769 ἀμείνω
1297 715 1571 774 καταστήσειν,

188 784 288 827 ἀλλὰ
311 784 380 826 καὶ
404 783 471 839 ἐμὲ
489 784 560 826 τὸν
579 783 762 840 γέροντα,
786 780 885 824 καθ’
909 779 958 824 οἷ’
984 799 1043 832 τις
1068 781 1150 836 ἤδη
1175 781 1243 823 καὶ
1268 788 1437 835 σκῶμμα
1462 781 1571 836 ἀφῆ-

185 868 276 903 κεν,
302 851 357 902 ὡς
381 852 471 905 εἴην
494 851 716 905 ὑποκριτὴς
741 854 891 904 μᾶλλον
916 848 944 904 ἢ
970 850 1113 904 ῥήτωρ.

830 957 930 1014 ρκη’.
1494 966 1544 1000 W
1572 971 1641 1002 128

635 1033 908 1090 Δημητρίῳ.
946 1041 1118 1088 (359160)
1589 1049 1622 1073 1¹

249 1111 286 1148 1.
309 1105 467 1160 ’Ὠσπερ
500 1102 561 1156 οἷς
593 1105 777 1159 ἔπεμψας
808 1111 962 1161 χρῶμαι
995 1105 1160 1158 ξενίοις,
1193 1105 1298 1146 οὕτω
1329 1104 1396 1146 καὶ
1424 1111 1472 1162 τῇ
1498 1111 1570 1158 τῆς

185 1174 395 1228 ἐπιστολῆς
425 1173 527 1231 ἀρχῇ
553 1173 760 1228 χρήσομαι.
798 1171 918 1213 κοινὰ
947 1172 1024 1227 γὰρ
1057 1171 1154 1213 ἔστω
1186 1187 1255 1225 μοι
1287 1171 1342 1226 μὴ
1369 1171 1497 1224 μόνον
1522 1170 1569 1212 τὰ

184 1248 256 1296 τῆς
281 1248 355 1295 σῆς
380 1240 529 1295 ἀγορᾶς
553 1255 593 1282 τε
618 1238 686 1280 καὶ
710 1245 806 1294 γῆς,
831 1238 931 1280 ἀλλὰ
956 1238 1023 1280 καὶ
1047 1238 1094 1280 τὰ
1120 1245 1191 1292 τῆς
1217 1239 1410 1288 διανοίας.
1453 1242 1490 1279 2.
1510 1238 1567 1280 λε’-

184 1325 242 1364 γω
266 1308 408 1349 τοίνυν
433 1307 500 1349 καὶ
526 1307 667 1360 αὐτός,
694 1306 752 1348 ὅτι
778 1313 858 1347 τῶν
883 1321 923 1347 τε
948 1305 1080 1347 ἄλλων
1104 1306 1217 1361 χάρις
1242 1303 1484 1360 ταῖς’Ὦραις
1502 1306 1568 1347 καὶ
1591 1327 1622 1352 15

187 1375 249 1417 ὅτι
279 1374 349 1424 τὰς
379 1375 625 1429 πανηγύρεις
657 1372 854 1429 φέρουσαι
887 1371 1083 1427 φέρουσιν
1114 1371 1307 1427 ἀφορμὴν
1339 1376 1423 1422 τοῖς
1459 1372 1566 1427 παρὰ

185 1449 260 1483 σοῦ
285 1441 515 1496 γράμμασιν
541 1440 695 1490 αὐτῶν,
722 1436 853 1493 οἶμαι,
879 1446 959 1480 τῶν
984 1439 1132 1494 ἑορτῶν
1157 1437 1303 1492 ἡδίοσι.
1343 1442 1381 1480 3.
1407 1439 1454 1480 τὰ
1474 1439 1566 1493 μέν-

185 1524 247 1550 τοι
271 1509 481 1563 γράμματα
506 1507 651 1560 ἔλαβον
676 1506 932 1561 ἀκροώμενος
957 1513 1037 1547 τῶν
1062 1505 1167 1547 νέων
1191 1505 1259 1547 καὶ
1283 1506 1384 1561 πρὸς
1402 1505 1472 1547 τὸν
1491 1523 1566 1559 μη-

183 1575 359 1617 κύνοντα
381 1573 572 1629 ἠχθόμην
592 1573 803 1627 ἑλκόμενος
822 1572 903 1615 ὑπὸ
922 1579 995 1627 τῆς
1019 1572 1239 1626 ἐπιστολῆς.
1279 1572 1329 1614 οὐ
1353 1571 1428 1627 γὰρ
1455 1570 1567 1631 ᾔδειν

184 1642 380 1696 ἀκριβῶς.
414 1642 435 1682 δ
461 1657 496 1681 τι
522 1640 647 1696 λέγοι,
679 1640 791 1681 λύειν
815 1639 974 1693 ἐκείνην
999 1639 1224 1692 ἐπιθυμῶν.
1271 1642 1311 1679 4.
1338 1638 1392 1688 ὡς
1419 1638 1462 1680 δὲ
1488 1640 1565 1680 διε-
1588 1661 1622 1686 20

257 1761 302 1794 10
336 1758 404 1798 VJ!
429 1757 478 1803 α’,
505 1757 582 1804 ρθ’.
616 1758 672 1794 Va
697 1757 746 1805 β’,
777 1748 831 1805 λβ.
875 1757 928 1794 Vo
960 1755 1014 1804 β’,
1047 1746 1102 1804 1,βῖ
1134 1756 1165 1793 S
1192 1755 1240 1800 δ’,
1273 1755 1339 1797 κζ.
1386 1756 1433 1792 Vi
1465 1755 1563 1792 mtd‘.

189 1807 243 1843 W
261 1805 354 1852 ρκγ’.
389 1807 488 1843 Vind
513 1806 580 1852 ρξ’.
607 1806 648 1842 D
673 1809 742 1852 ρῐζ

255 1907 277 1938 2
305 1903 423 1939 Seeck
450 1908 520 1939 244
597 1907 640 1939 11
669 1902 789 1939 Seeck
817 1906 897 1939 117.
925 1906 1008 1939 364.
1035 1901 1204 1938 Silomon
1230 1906 1276 1937 36

259 2005 275 2035 1
293 2000 456 2037 ἐλπίδων
481 2001 632 2037 ἐκεῖθεν
645 2001 675 2038 S
686 2000 842 2037 WVind
858 1999 862 2048 Ι
877 2005 955 2036 τῶν
962 2000 1012 2046 (2)
1030 1999 1174 2035 inserui
1193 2010 1281 2035 cum
1299 1998 1370 2036 Vo⁸
1401 2010 1462 2035 om
1476 1999 1564 2035 reli-

183 2048 255 2110 qui
270 2048 360 2084 libri
376 2048 484 2085 Wolf
548 2053 569 2084 2
596 2049 661 2085 καὶ
688 2060 750 2085 om
778 2049 826 2086 Vi
847 2049 853 2094 Ι
878 2047 971 2094 ἔγνω
1000 2048 1090 2085 VVa
1101 2047 1207 2103 VoVi
1228 2050 1233 2093 Ι
1254 2048 1344 2090 τοὺς
1369 2058 1430 2084 om
1464 2048 1517 2085 W

185 2099 207 2132 8
233 2093 280 2143 ἦν
318 2108 380 2134 om
415 2098 460 2134 Vi
547 2101 569 2132 4
596 2096 725 2143 διαλέγ
704 2110 750 2144 γῃ
776 2099 827 2146 τῷ
853 2097 966 2132 παιδὶ
1000 2095 1135 2141 scripsi
1161 2107 1182 2131 θ
1214 2096 1300 2133 VVi
1337 2095 1491 2144 διαλέγῃ
1516 2098 1568 2144 τῷ

183 2146 299 2182 παῖδε
331 2146 389 2182 Va
414 2144 568 2193 διαλέγῃ
593 2146 645 2181 τὼ
675 2147 792 2182 παῖδε
826 2145 879 2181 Vo
918 2144 1112 2185 διδάσκεις
1143 2144 1195 2180 τὼ
1226 2146 1342 2181 παῖδε
1366 2144 1397 2182 S
1410 2145 1566 2182 WVind

184 2191 294 2229 Wolf
357 2198 379 2229 5
403 2192 520 2231 τόνου
544 2194 699 2240 reposui
725 2205 746 2230 e
771 2193 880 2229 libris
917 2191 1041 2230 τόνων
1066 2191 1177 2228 Wolf
1255 2196 1276 2229 9
1303 2195 1444 2240 μᾶλλον
1470 2194 1564 2230 ὑπο-

183 2241 314 2289 κριτὴς
344 2243 402 2279 Va
502 2247 546 2278 12
574 2242 747 2288 ἔπεμψας
778 2243 835 2279 Va
861 2241 929 2278 sed
960 2255 1007 2283 ας
1037 2251 1084 2277 ex
1110 2254 1152 2278 εν
1184 2252 1268 2277 con:
1291 2241 1349 2277 m*
1449 2245 1493 2277 13
1513 2242 1563 2288 μὴ

183 2325 303 2372 μόνον
327 2326 472 2363 inserui
498 2338 518 2364 ο
544 2326 654 2363 libris
692 2338 754 2363 om
779 2326 888 2363 Wolf
958 2329 1004 2362 18
1029 2303 1105 2363 2302
1130 2314 1230 2363 νέων
1253 2326 1284 2364 s
1303 2327 1308 2375 ι
1330 2324 1398 2364 τὸν
1424 2327 1471 2364 Vi
1496 2326 1564 2362 md

182 2413 206 2436 ν
231 2398 309 2435 add
334 2399 392 2434 ωε
466 2403 513 2435 20
539 2398 596 2437 aa
620 2398 710 2435 libri
735 2398 844 2435 wolf
879 2400 886 2447 ι
932 2396 993 2446 ny
995 2387 1031 2435 ‘s't
1066 2399 1114 2436 νε
1159 2400 1164 2445 ι
1205 2397 1226 2436 ὁ
1252 2400 1342 2435 ante
1368 2399 1472 2436 κύειν
1498 2399 1527 2436 s
1553 2400 1558 2444 ι

183 2445 610 2532 agdagvgnllzewmnd
655 2449 661 2495 Ι
707 2445 740 2484 δ’
768 2447 960 2484 ἐπαύσατο
971 2413 1051 2485 yVa
1083 2446 1126 2484 δὲ
1152 2446 1344 2485 ἐπαύσατο
1378 2448 1478 2485 Vind
1515 2447 1562 2494 δὴ
