1806 2964
305 228 395 270 394
893 230 1074 266 LIBANH

306 343 391 380 νεῖν
409 339 479 380 τὸν
504 339 683 393 ἄρχοντα.
721 340 787 381 καὶ
811 340 886 394 γὰρ
912 342 949 382 εἰ
971 339 997 394 ἧ
1022 343 1161 396 γνώμη
1187 351 1413 396 μισοῦντος,
1437 343 1533 386 ἀλλὰ
1552 345 1596 386 τό
1619 360 1664 400 γε

303 404 419 458 ἔργον
444 404 704 455 ὠφελοῦντος.
749 407 891 446 κωλύει
915 407 989 462 γάρ
1015 423 1061 459 με
1086 408 1140 460 μὴ
1166 409 1299 449 ἐλθεῖν
1323 409 1438 450 τοῦτό
1464 426 1531 462 μοι
1555 417 1663 464 πρῶ-

305 485 375 510 τον
401 471 652 524 χαριζόμενος
679 471 722 512 τὸ
749 471 802 524 μὴ
828 474 1060 525 Κλεομένην
1086 473 1197 514 ἰδεῖν.
1244 477 1280 515 7.
1306 466 1336 530 ᾧ
1359 475 1407 515 σὺ
1433 474 1567 515 συνὼν
1591 473 1664 528 μὲν

305 535 358 575 ἔτι
384 537 437 588 μή
464 551 510 588 με
535 536 724 585 ἐξαπάτα·
751 537 805 589 μὴ
831 537 965 578 συνὼν
984 537 1027 579 δὲ
1045 538 1084 578 τί
1105 539 1256 587 πάθοις
1275 538 1326 579 ἂν
1346 539 1520 591 εἰκότως,
1544 537 1590 589 ὃς
1613 537 1663 581 ’ὃν

267 615 285 641 ι
305 600 456 652 ἔμελλες
482 602 720 653 φεύξεσθαι,
745 608 887 643 τοῦτον
911 602 1088 657 ἠγάπας,
1119 603 1185 643 καὶ
1210 611 1330 644 ταῦτα
1356 605 1506 657 μέλλων
1531 604 1662 656 ἕτερον

303 665 482 707 ἀνιάσειν
495 667 616 707 καλὸν
627 667 728 721 κάγα
736 667 810 708 θὸν
823 668 889 708 καὶ
908 669 1100 722 σώφρονα
1120 668 1185 709 καὶ
1200 670 1487 721 δυνατώτερονς
1514 673 1553 711 8.
1566 667 1663 724 ἀλλ’,

303 727 334 771 ὦ
361 732 520 782 φίλτατε
542 728 789 786 Ἀνδρόνικε,
820 740 972 774 παῦσαι
1003 733 1076 786 μὲν
1100 741 1169 787 τῆς
1194 734 1292 787 πρὸς
1316 735 1386 776 τὸν
1410 736 1512 776 κύνα
1537 747 1662 789 συνη-

302 798 432 848 θείας,
457 797 494 837 εἰ
514 797 571 850 μὴ
597 799 814 838 πέπαυσαι·
846 805 999 839 παῦσαι
1024 798 1066 839 δὲ
1091 806 1161 840 τοῦ
1186 802 1404 853 πειρᾶσθαί
1427 816 1472 852 με
1498 799 1662 842 ἐνθένδε

302 866 438 903 κινεῖν.
478 864 690 915 βούλευσαι
710 862 752 904 δὲ
771 879 856 918 περι
878 870 956 904 τῶν
976 864 1075 918 πρὸς
1094 864 1162 907 τὸν
1187 869 1303 906 θεῖον
1327 865 1480 918 βουλὴν
1498 865 1661 920 ἀγαθὴν

248 942 284 969 ιο
302 926 417 978 ἀφείς
443 943 502 980 με·
520 934 590 981 τῆς
622 929 807 982 τοιαύτης
833 931 1048 979 διακονίας.
1093 928 1173 984 ὁρῶ
1197 930 1271 985 γὰρ
1303 930 1357 979 ὡς
1381 931 1447 972 ἐπί
1469 947 1507 972 τι
1530 935 1661 987 πρᾷον

301 993 345 1034 τὸ
370 1000 532 1047 πρᾶγμα
556 995 717 1047 βαδίζει.

232 1094 278 1130 w
304 1099 374 1131 402
958 1087 1007 1131 ν’.

766 1172 1043 1230 Μαντιθέῳ.
1093 1184 1196 1227 (355)

364 1259 400 1295 1.
422 1252 493 1297 Ἐκ
527 1264 605 1297 τῶν
638 1258 893 1311 γραμμάτων,
929 1255 955 1297 ἃ
990 1257 1111 1297 πάλαι
1144 1257 1243 1311 πρὸς
1273 1256 1377 1311 ἡμᾶς
1406 1258 1661 1311 έπεπόμφεις,

249 1326 283 1354 ¹⁵
303 1321 426 1362 αὐτόν
451 1335 492 1362 σε
522 1327 825 1376 προσεὸοκῶμεν
850 1323 971 1375 ἥξειν,
1001 1323 1044 1364 τὸ
1076 1321 1119 1363 δὲ
1144 1322 1222 1364 ἀπὸ
1248 1330 1317 1375 τῆς
1344 1323 1545 1377 Εὐρώπης
1575 1322 1661 1365 ἐπι-

301 1385 469 1428 στέλλειν
494 1390 634 1428 καινόν
659 1404 695 1428 τι
719 1386 818 1441 ἡμῖν
836 1388 979 1441 ἐφάνη.
1021 1392 1058 1429 2.
1084 1387 1218 1440 λαβὼν
1243 1389 1284 1429 δέ
1311 1401 1383 1429 σου
1409 1389 1482 1442 τὴν
1507 1402 1660 1430 επιστο-

300 1451 375 1504 λὴν
407 1452 526 1494 οὐδέν
552 1470 587 1494 τι
618 1452 759 1505 ἠξίουν
790 1454 957 1506 μέλλειν,
990 1450 1073 1495 ἀλλ’
1102 1453 1229 1504 εὐθὺς
1261 1454 1423 1507 δραμὼν
1452 1454 1560 1509 παρὰ
1589 1455 1659 1496 τὸν

299 1515 427 1571 ἄνδρα
462 1515 510 1559 ὃν
534 1518 702 1571 ἐβούλου
737 1527 857 1559 πᾶσιν
883 1516 945 1568 οἷς
979 1516 1084 1574 εἶχον
1114 1519 1322 1574 ἐγκωμίοις
1355 1520 1535 1575 ἐχρώμην
1560 1519 1658 1561 κατὰ

301 1590 374 1624 σοῦ
405 1583 470 1624 καὶ
502 1583 824 1637 μεταπέμπεσθαι
853 1581 1079 1643 παρῄνουν.
1120 1588 1158 1626 3.
1185 1581 1263 1626 ὁδ’
1292 1586 1334 1626 εἰ
1357 1584 1441 1638 μὲν
1466 1586 1659 1640 ἀγνοεῖς

374 1691 416 1721 12
451 1688 499 1722 V1
522 1687 565 1731 γ’.
592 1694 627 1726 Q.
663 1688 718 1724 Va
742 1686 784 1733 ε’,
810 1684 864 1732 af.
899 1689 950 1725 Vo
974 1687 1017 1734 ε’,
1042 1688 1098 1732 ιζ.
1132 1689 1178 1725 Υι·
1201 1688 1307 1736 [οξεΊ

299 1787 392 1864 2003
409 1784 476 1865 ἐξ)
492 1794 549 1828 ep.
571 1787 653 1818 432.
673 1786 755 1820 426.
783 1782 911 1820 Seeck·
926 1787 970 1819 ⁷2
1051 1787 1096 1820 18
1121 1783 1265 1820 Sievers
1296 1788 1339 1819 73
1371 1785 1447 1820 not.
1475 1787 1508 1820 9.
1540 1783 1659 1820 Seeck

882 1940 903 1969 ο
948 1928 1116 1969 ιλοῦντος

373 1978 391 2009 1
419 1972 512 2009 ἀλλὰ
539 1985 597 2010 om
628 1974 728 2010 Vind
793 1977 815 2009 2
853 1940 951 2018 ἔφῖ
956 1980 1088 2016 οὓντος
1121 1974 1149 2011 S
1169 1975 1175 2021 Ι
1196 1974 1349 2015 κωλύεις
1372 1974 1427 2010 Re
1448 1976 1456 2020 Ι
1475 1975 1657 2020 punctum

297 2022 385 2066 post
411 2023 538 2057 ἐλθεῖν
566 2022 826 2059 VVaVon'nd
852 2022 909 2056 W
916 2022 966 2066 ·‚1f
991 2022 1100 2058 colon
1130 2023 1184 2067 Vi,
1210 2033 1356 2058 comma
1379 2022 1409 2059 S
1455 2022 1578 2058 delevi

299 2071 321 2103 8
346 2067 589 2115 χαριζόμενοι·
614 2071 656 2105 Vi
680 2069 746 2105 sed
771 2071 853 2128 νᾳ)
886 2081 906 2105 e
932 2084 950 2111 ς
975 2080 1057 2106 corr
1100 2071 1107 2115 Ι
1147 2050 1230 2106 A'azs
1231 2070 1358 2115 μένην
1386 2071 1419 2106 V
1446 2071 1512 2105 sed
1542 2084 1590 2116 ην
1615 2069 1655 2105 in

297 2125 359 2151 rae
387 2117 441 2151 ωδ
462 2120 467 2161 Ι
489 2118 535 2152 σὺ
560 2128 620 2152 om
640 2117 686 2152 Vi
706 2122 712 2157 Ι
737 2119 860 2154 συνὼν
883 2115 952 2164 μὶν
971 2118 1016 2153 σὺ
1033 2118 1131 2154 Vt‘ud
1207 2124 1227 2152 4
1248 2118 1300 2154 ἔτι
1320 2129 1377 2153 om
1399 2117 1494 2185 'Lind
1541 2117 1592 2164 μή
1610 2130 1655 2163 με

298 2163 432 2210 scripsi
451 2175 471 2200 θ
490 2165 578 2202 VV
590 2165 619 2201 S
626 2165 671 2201 Vt
685 2165 783 2202 Vind
801 2166 891 2211 μήτε
883 2131 968 2202 μγο
979 2165 1086 2200 Wolf
1143 2168 1165 2200 8
1180 2165 1431 2211 ,1ονί.μήπω“
1455 2166 1508 2201 lte
1529 2170 1536 2211 Ι
1557 2165 1654 2201 παύ-

298 2271 363 2296 σαι
389 2261 442 2297 Vo
487 2262 493 2307 Ι
530 2212 660 2298 ζῖιέαέ
690 2262 696 2307 Ι
729 2263 966 2308 πειραθῆναι
993 2261 1215 2298 VaVth'nd
1244 2263 1251 2307 Ι
1278 2274 1322 2302 με
1347 2259 1504 2297 ἐνθένδε
1532 2261 1564 2297 V
1585 2259 1654 2296 sed

297 2354 345 2380 ex
369 2343 527 2381 ἐνθένδε
552 2356 596 2389 με
622 2354 705 2379 corr
728 2343 785 2378 m⁴
823 2345 830 2384 Ι
869 2307 1012 2380 evofzoa
1038 2343 1091 2381 Vo
1166 2347 1188 2379 9
1213 2343 1254 2380 τὸ
1282 2344 1334 2380 Vo
1345 2344 1441 2380 Vina
1515 2347 1558 2379 10
1583 2343 1653 2380 οὐκ

295 2440 385 2485 post
408 2439 458 2480 ὡς
484 2439 519 2475 V
539 2439 605 2475 ned
631 2438 693 2474 dol
738 2388 914 2486 Ιγοὲρῖοονν
941 2439 969 2476 S
1002 2436 1098 2490 ῤ’ᾷον
1124 2439 1223 2476 Vina
1299 2442 1342 2475 13
1368 2437 1531 2474 ἀντιθέου
1559 2438 1607 2474 Vs·

299 2491 344 2522 19
369 2484 430 2524 ὅδ’
452 2487 540 2522 libri
569 2486 674 2523 Wolf
