1806 2964
638 174 910 212 EPISTULAE
937 179 1129 212 232—284
1232 214 1235 216 ,
1485 175 1572 218 217

194 289 440 346 ἡγούμενος,
472 287 517 339 ὃς
541 287 678 330 ἐδίδου
703 288 778 341 τὴν
803 288 1031 342 ἐπιστολήν,
1055 287 1191 342 ἐπειδὴ
1218 288 1367 340 ἔφασκε
1391 288 1486 345 τῇδε
1511 303 1576 342 με·

193 355 422 411 μενηκέναι,
447 355 631 409 πονηρὸν
656 355 836 396 ἐκάλουν.
875 351 941 396 εἶτ’
962 355 1092 405 εὐθὺς
1117 354 1187 396 τὸν
1213 353 1286 408 μὲν
1310 354 1487 397 ἀπέλυον
1512 355 1575 396 αι’-

192 424 298 477 τίας,
329 422 426 477 ὑμῖν
459 420 501 463 δὲ
534 421 750 463 ἐνεκάλουν
780 420 905 471 γνοὺς
929 417 1004 474 ὑφ’
1027 421 1143 476 ὑμῶν
1173 421 1297 464 αὐτὸν
1321 420 1576 475 ἀμεληθέντα

193 494 338 543 μεῖναι.
384 492 421 530 3.
454 489 585 529 καίτοι
614 494 686 529 τοῦ
717 488 842 537 δόξαν
873 487 978 542 ὑμᾶς
1006 488 1234 541 κτήσασθαι
1257 488 1387 542 καλὴν
1412 488 1508 541 μετά
1531 503 1575 543 γε

192 556 262 606 τὰς
287 556 432 609 φύσεις
457 550 574 604 οὗτος
599 554 725 604 αἴτιος
749 553 839 595 ἀντὶ
863 554 987 603 κυνὸς
1012 554 1077 596 ἐπὶ
1096 554 1191 605 τοὺς
1210 554 1285 597 οὐκ
1303 554 1489 610 ἀγαθοὺς
1507 553 1572 609 ἀρ·
1612 570 1632 598 ι

192 628 286 664 κῶν.
325 621 439 676 ὑμεῖς
465 620 509 663 δὲ
533 621 603 663 τὸν
625 619 849 675 ἄνθρωπον
868 619 1222 676 ἐκκαρπωσάμενοι
1240 627 1312 663 τοῦ
1331 627 1474 677 καιροῦ
1494 627 1573 662 τῶν

191 687 375 743 ἀμοιβῶν
401 688 571 742 ἥκοντος
596 686 851 742 ἀπερρίψατε.
898 689 937 728 4.
963 684 1066 742 ἀλλ’,
1092 684 1124 729 ὦ
1149 689 1304 741 παῖδες,
1328 687 1418 742 ἐμοὶ
1449 692 1572 744 θερα-

190 755 360 797 πεύσατε
385 754 455 796 τὸν
479 754 740 809 παιδαγωγὸν
764 751 792 807 ἢ
817 752 1051 804 καλέσαντες
1076 754 1134 804 εἰς
1160 755 1347 796 Κιλικίαν
1371 752 1399 808 ἢ
1418 770 1456 796 τι
1474 753 1572 808 πέμ-

191 832 343 874 ψαντες
366 827 447 862 τῶν
472 820 640 862 ἐκεῖθεν.
679 818 850 862 πειθέτω
878 818 920 861 δὲ
945 820 1051 874 ὑμᾶς
1071 822 1283 876 χρημάτων
1302 825 1572 876 καταφρονεῖν

191 886 289 930 ἄνευ
316 894 395 929 τῶν
419 883 484 928 ὑπ’
514 886 613 940 ἐμοῦ
632 890 822 939 πολλάκις
841 887 1062 943 εἰρημένων
1085 886 1106 929 ὁ
1125 887 1174 929 τὰ
1191 888 1403 943 γράμματα
1422 887 1573 943 φέρων,
1593 905 1631 931 ιο

191 952 236 1004 ὃς
267 955 348 998 ὑπὸ
381 952 453 1008 μὲν
477 961 549 996 τοῦ
575 954 774 1009 σχήματος
806 956 862 1005 εἰς
888 954 1140 1010 στρατιώτας,
1165 954 1245 997 ’ὑπὸ
1273 953 1316 996 δὲ
1341 960 1420 995 τῶν
1445 953 1572 1009 ἔργων

189 1021 247 1072 εἰς
272 1021 525 1075 φιλοσόφους
550 1019 808 1077 ἐγγέγραπται
833 1022 904 1063 τὸν
929 1022 1154 1077 Σωκράτην
1179 1021 1222 1063 ἐν
1243 1019 1378 1075 μέσοις
1397 1022 1572 1074 μιμησά-

190 1102 310 1141 μενος
334 1087 526 1143 κέρδεσιν,
552 1085 574 1127 ὃ
599 1086 719 1136 καλὸς
739 1085 968 1142 Ἀμμιανός.

830 1219 925 1263 σλδ’.
1062 1228 1111 1263 w
1130 1231 1200 1264 236
1221 1229 1377 1275 (Anaua.
1391 1231 1419 1266 t.
1435 1229 1486 1265 111
1505 1241 1542 1275 p.
1558 1231 1646 1276 274)

651 1302 956 1363 Ἀνδρονίκῳ.
996 1317 1101 1361 (358)
1590 1321 1624 1349 ιε

252 1394 290 1432 1.
320 1386 518 1444 Ἀντίοχος
550 1389 687 1432 οὑτοσὶ
717 1397 798 1432 τῶν
831 1391 943 1445 μόλις
974 1391 1054 1433 ἐστὶ
1086 1391 1358 1444 σεσωσμένων.
1403 1391 1466 1433 ὅτε
1494 1391 1570 1450 γὰρ

190 1450 292 1512 ἦρχε.
319 1457 516 1510 Φοινίκης
547 1457 797 1512 Δημήτριος,
833 1458 959 1499 ἵππον
991 1458 1098 1514 αὐτῷ
1127 1458 1268 1499 δίδωσι
1299 1458 1569 1513 δυσγάργαλιν

188 1523 417 1576 ἱπποκόμης
448 1522 663 1578 ἐξαγαγών.
699 1523 721 1566 ὁ
753 1523 796 1566 δὲ
828 1525 910 1578 ἅμα
941 1540 980 1566 τε
1011 1521 1069 1566 ἐπ’
1098 1524 1221 1566 αὐτὸν
1253 1523 1378 1579 ἀνέβη
1408 1523 1477 1568 καὶ
1504 1523 1568 1566 ἐκ·

187 1588 405 1644 κρουσθεὶς
423 1586 482 1631 ἐπ’
505 1589 630 1643 αὐτῆς
649 1590 772 1632 ἔκειτο
792 1597 862 1644 τῆς
884 1590 1045 1646 ἀγορᾶς,
1071 1589 1092 1632 ὅ
1120 1589 1163 1632 δὲ
1183 1591 1304 1640 ἵππος
1323 1590 1412 1632 ἔθει
1431 1591 1567 1644 φέρων

261 1710 306 1742 14
339 1706 407 1742 VJ!
428 1705 479 1753 α’,
505 1703 583 1743 σιὲ.
616 1707 674 1743 Va
699 1704 744 1753 γ’,
769 1703 862 1755 [ZB'J.
897 1708 949 1744 Vo
974 1707 1022 1754 γ’,
1046 1699 1114 1756 λῗ.
1142 1708 1199 1744 Be
1223 1700 1283 1756 ἦ

260 1818 281 1851 6
307 1813 415 1852 Dem.
435 1815 596 1852 Timocr.
617 1819 638 1860 ἓ
658 1819 680 1851 2
700 1827 736 1862 p.
760 1819 841 1861 700,
863 1819 906 1852 19
960 1820 1003 1852 12
1024 1816 1123 1853 Plat.
1144 1816 1245 1863 apol.
1260 1829 1296 1863 p.
1309 1820 1353 1852 19
1368 1816 1413 1852 D.
1433 1816 1565 1853 Richt-

187 1863 286 1910 eteig
306 1866 351 1899 82
422 1867 466 1900 18
494 1862 613 1900 Seeck
639 1867 685 1900 58
773 1868 818 1901 15
846 1864 965 1901 Seeck
987 1869 1043 1901 71.
1064 1868 1147 1901 374.
1176 1864 1346 1902 Silomon
1363 1868 1420 1902 32.
1441 1868 1499 1902 43.
1520 1869 1569 1901 48

260 1914 305 1947 16
326 1910 446 1948 Seeck
473 1915 517 1948 76
536 1911 589 1948 ΠΙ
675 1915 719 1948 17
747 1911 867 1949 Seeck
894 1916 961 1949 117
980 1914 998 1951 Ι
1047 1915 1053 1960 Ι
1099 1912 1192 1949 Xen.
1220 1913 1268 1950 de
1293 1925 1334 1950 re
1353 1924 1437 1959 equ.
1460 1917 1494 1958 3,
1510 1917 1565 1950 10.

186 1959 377 2006 Aristoph.
419 1958 535 2007 Zvay.
573 1960 616 1997 fr.
647 1959 683 1996 11
708 1964 796 2004 961,
814 1965 861 1997 42
892 1961 942 1998 M.
962 1960 981 1997 Ι
998 1965 1089 2008 403,
1109 1965 1155 1997 43
1176 1961 1222 1998 Κ.
1279 1961 1442 2008 Hesyeh.
1477 1973 1505 1998 s.
1534 1974 1565 1998 v.

187 2007 438 2055 δυσγάργαλις

260 2120 279 2153 1
305 2116 473 2161 ἔφασκεν
501 2117 556 2154 Va
605 2121 627 2153 2
654 2115 723 2154 εἶτ’
756 2118 811 2154 Va
837 2117 946 2154 Wolf
966 2118 1014 2155 ed
1072 2122 1094 2154 3
1114 2119 1206 2164 ὑμῖν
1229 2118 1385 2165 reposui
1408 2130 1431 2155 e
1457 2118 1566 2154 libris

211 2164 312 2212 ὑμᾶς
335 2163 467 2213 Wolf!
487 2165 593 2213 ἡμῶν
618 2165 675 2203 Va
770 2169 795 2202 4
819 2172 947 2212 μεῖναι
971 2166 1106 2213 scripsi
1131 2177 1152 2203 e
1177 2166 1335 2204 VVaVo
1383 2162 1485 2204 εἶναι
1509 2167 1569 2205 Be

185 2211 295 2249 Wolf
376 2217 398 2250 5
425 2215 495 2251 οὐκ
520 2213 561 2249 in
585 2225 695 2261 marg
719 2214 822 2251 inser
843 2215 899 2251 V¹
944 2217 949 2261 Ι
995 2214 1145 2260 ἄρκτων
1167 2215 1259 2252 VVo
1293 2214 1362 2252 sed
1387 2215 1428 2252 in
1447 2215 1521 2252 hoo
1544 2229 1566 2251 τ

184 2259 286 2298 inser
310 2260 368 2297 m’
391 2260 522 2306 ἄρκων
549 2263 606 2299 Va
668 2266 689 2298 6
714 2267 784 2309 τῆς
802 2263 963 2325 ἀμοιβῆς
992 2263 1082 2301 VVo
1156 2267 1176 2299 7
1198 2262 1300 2311 ἐμοί·
1333 2264 1430 2301 VVa
1468 2264 1562 2311 ἐμοὶ,

193 2309 246 2346 Vo
265 2309 373 2346 W'olf
392 2309 441 2346 ed
526 2313 548 2346 8
574 2308 598 2357 ἢ
622 2308 660 2347 τί
687 2311 724 2347 V
811 2315 854 2347 11
883 2325 932 2354 ως
958 2309 1065 2348 Wolf
1085 2311 1146 2347 An
1241 2315 1284 2348 17
1307 2311 1567 2359 δυσγάργαλιν

185 2357 319 2404 scripsi
353 2357 438 2395 coll.
470 2357 510 2394 ll.
542 2357 582 2394 ll.
633 2358 895 2405 δυσγάργαλον
935 2359 1025 2396 libri
1062 2359 1172 2396 Wolf
1274 2363 1319 2396 18
1351 2358 1567 2408 ἱπποκόμης

184 2405 320 2490 :herirati
340 2417 375 2490 f}
391 2406 431 2491 K
446 2407 492 2443 ut
518 2406 604 2443 coni
637 2406 691 2443 Re
733 2407 972 2454 ἱπποκόμους
997 2409 1054 2445 Va
1065 2408 1181 2445 VoBc
1212 2407 1322 2444 Wolf
1374 2410 1380 2455 Ι
1436 2421 1477 2445 τε
1502 2419 1565 2446 om

222 2465 241 2491 e
317 2464 339 2491 ο
432 2466 458 2490 n
