1806 2964
664 230 934 268 EPISTULAE
960 234 1150 268 516—517
1458 230 1542 272 491

182 345 372 399 καθάπερ
397 342 669 398 συμπεφυκὼς
694 343 761 384 καὶ
791 344 885 399 τῇδε
917 344 1062 386 ταύτὸν
1092 342 1269 396 ἐποίησα.
1311 341 1447 384 συνὼν
1477 341 1553 383 οὐκ

183 410 447 464 ἐπαυσάμην,
479 410 586 459 ὅπως
618 424 656 451 τι
682 409 871 462 ἀκούοιμί
900 425 936 451 τι
967 409 1136 464 χρηστὸν
1169 408 1236 450 καὶ
1271 409 1438 461 δοκοίην
1472 410 1554 456 τοῖς

180 477 366 526 πολίταις
388 472 491 518 εἶναι
516 475 571 529 μὴ
596 475 717 524 κακὸς
742 475 822 516 ἀπὸ
853 482 924 517 τοῦ
955 476 1105 530 χαίρειν
1129 479 1182 533 τῷ
1204 477 1324 531 καλῷ.
1364 477 1402 515 3.
1427 474 1552 529 γράμ-

186 557 291 596 ματα
315 542 360 585 δέ
384 558 451 596 μοι
482 542 542 583 σά
563 542 735 595 κομίζων
768 542 915 595 διπλῆν
948 541 1073 583 ἐποίει
1103 541 1176 594 τὴν
1206 539 1386 594 ἡδονήν,
1417 539 1553 588 αὐτοῖς

181 623 225 649 τε
250 612 334 658 τοῖς
359 609 518 650 δοθεῖσι
540 606 608 649 καὶ
634 607 692 649 ὅτι
724 613 903 656 τοιοῦτος
929 602 980 660 ἦν
1012 605 1033 648 ὁ
1059 606 1206 661 φέρων.
1240 605 1311 648 καὶ
1335 606 1386 659 δή
1412 620 1459 659 με
1484 605 1552 646 καί
1587 621 1604 647 5

181 674 424 729 μετεωρίσας
447 678 530 723 τοῖς
555 673 646 727 περὶ
671 680 744 715 σοῦ
771 673 903 728 λόγοις
935 673 1092 728 ὥρμησε
1116 672 1217 727 πρὸς
1241 673 1316 726 τὴν
1347 671 1455 714 ὁδόν.
1486 670 1553 712 καὶ

188 746 266 782 νῦν
291 738 343 781 ἄν
368 752 431 782 σοι
456 739 703 795 διελεγόμην,
728 739 766 781 εἰ
788 739 843 792 μή
864 754 910 792 με
928 739 972 781 τὸ
991 745 1118 794 γῆρας
1143 746 1213 793 τῆς
1231 738 1380 792 μητρὸς
1398 737 1552 791 ἔκαμψε

185 806 296 848 πάνυ
320 807 466 863 χρῇζον
490 804 734 861 ἐπικουρίας.
771 805 808 846 εἰ
831 803 874 847 δὲ
899 804 954 858 μὴ
986 811 1102 847 τοῦτο
1129 804 1261 858 μένειν
1286 804 1461 857 ἔπειθεν,
1487 803 1553 845 οὐ·

186 870 257 914 δὲν
281 870 333 913 ἄν
358 887 404 925 με
429 878 510 913 τῶν
533 870 664 913 ἄλλων
689 874 839 925 μᾶλλον
865 871 1026 912 ἔπειθεν
1044 869 1071 925 ἢ
1091 870 1155 912 σοὶ
1173 871 1361 925 βαδίζειν.
1398 873 1434 910 4.
1457 870 1552 918 ἴσως

179 937 258 991 μὲν
282 933 359 980 οὖν
382 937 450 979 καὶ
474 936 607 991 μένων
634 936 791 991 ὄψομαί
812 949 876 990 σε,
900 936 974 990 τὴν
999 937 1074 992 γὰρ
1105 938 1238 991 Τύχην
1263 935 1342 991 ὁρῶ
1369 948 1411 977 σε
1436 936 1548 989 κομί·
1571 951 1605 976 ιο

184 1005 332 1054 ζουσαν
364 999 407 1045 οἶ
437 1004 504 1046 δεῖ
528 1016 571 1045 σε
601 1002 753 1044 ἐλθεῖν·
785 1003 881 1052 ἴσως
911 1001 954 1044 δὲ
988 1003 1054 1044 καὶ
1087 1002 1204 1056 τῆσδέ
1236 1015 1298 1044 σοι
1328 1009 1399 1055 τῆς
1429 1001 1552 1056 ἀρχῆς

181 1068 466 1124 μηκυνομένης
492 1068 559 1122 ἐμέ
583 1085 642 1119 τις
667 1068 809 1120 ὄψεται
832 1068 941 1123 παρὰ
972 1070 1047 1112 σοί.
1093 1071 1130 1111 5.
1157 1074 1228 1122 τῆς
1253 1067 1296 1110 δὲ
1321 1069 1474 1122 ὕβρεως
1499 1065 1552 1120 ἣν

183 1136 389 1190 ὕβρισμαι,
421 1135 523 1191 πρὸς
557 1140 688 1189 θεῶν,
722 1134 945 1189 ἀπαίτησον
983 1136 1097 1185 δίκας
1128 1134 1196 1176 καὶ
1227 1134 1282 1188 μὴ
1319 1133 1363 1176 τὸ
1400 1140 1553 1189 γνῶναι

181 1202 358 1251 πολλοὺς
388 1201 464 1256 τὴν
498 1202 775 1254 συκοφαντίαν
804 1205 954 1255 μᾶλλον
985 1199 1117 1258 ἡγήσῃ
1156 1200 1333 1255 φοβερὸν
1362 1198 1389 1254 ἢ
1421 1200 1465 1241 τὸ
1497 1199 1551 1253 μὴ

184 1268 322 1322 λαβεῖν
356 1283 403 1321 με
429 1268 548 1322 δίκην
578 1268 771 1310 τοιούτων
810 1266 1077 1321 ὑβρισμάτων.
1125 1269 1163 1308 6.
1199 1267 1306 1315 ὅπως
1345 1265 1389 1308 δὲ
1428 1272 1551 1307 ταῦτα
1573 1278 1606 1306 ιι

185 1333 308 1388 ἔσται,
332 1338 463 1384 καλῶς
487 1334 574 1390 εἴσῃ
599 1334 647 1375 τά
676 1349 716 1375 τε
747 1332 845 1374 ἄλλα
876 1333 1134 1386 ἐπιστάμενος
1165 1332 1229 1374 καὶ
1263 1333 1388 1373 δικῶν
1418 1330 1551 1380 ὁδούς.

185 1399 235 1442 οὐ
259 1399 334 1455 γὰρ
360 1400 479 1455 ἔγωγε
505 1400 601 1442 οἴσω
627 1399 675 1441 τὰ
699 1406 778 1440 τῶν
802 1406 935 1449 κακῶς
965 1399 1297 1452 πεπλουτηκότων
1323 1397 1486 1440 ἀκούων
1511 1396 1554 1438 ἐν

179 1466 312 1523 πενίᾳ.

820 1536 912 1591 «pce.
1478 1543 1527 1578 W
1553 1545 1622 1578 431

649 1618 876 1676 Ἱεροκλεῖ.
909 1630 1080 1678 (350757)
1573 1632 1606 1659 *ο

244 1710 283 1748 1.
308 1707 366 1748 Εἰ
382 1705 424 1748 δὲ
443 1713 558 1748 τοῦτο
578 1706 749 1761 ἐγεγόνει
772 1706 840 1748 καὶ
864 1705 906 1748 σὲ
931 1703 1033 1761 εἶχεν
1058 1705 1079 1747 ὁ
1104 1705 1221 1761 χορὸς
1239 1703 1287 1747 ὃν
1306 1711 1430 1747 νικῶν
1455 1715 1550 1745 συν-

180 1771 317 1826 έστησε
352 1773 580 1825 Θεμίστιος,
612 1771 722 1827 ἀπῆν
753 1771 804 1813 ἂν
834 1770 933 1826 ἡμῖν
957 1772 1214 1826 εὐδαιμονίας
1239 1770 1369 1813 οὐδέν.
1404 1777 1482 1811 νῦν
1508 1768 1551 1810 δὲ

256 1879 300 1912 19
334 1877 384 1913 Vl
405 1872 451 1923 γ’,
479 1875 550 1924 σιβ’
577 1876 743 1925 (ε-,αι’).
778 1877 834 1913 7α
859 1875 906 1920 ς’,
932 1875 1005 1912 κδ’.
1039 1877 1091 1914 7ο
1116 1875 1164 1921 ς’,
1189 1875 1259 1912 κδ’.
1286 1876 1326 1912 D
1352 1874 1434 1922 φιβ’

254 1975 299 2007 20
326 1971 471 2008 Sievets
497 1975 589 2017 289,
610 1976 644 2009 2.
684 1971 804 2009 Seeck
837 1976 916 2009 176.
949 1976 1017 2008 331

261 2071 283 2103 2
307 2081 344 2104 τι
369 2068 424 2105 7ο
449 2068 516 2105 sed
541 2082 555 2104 ι
581 2078 627 2104 ex
652 2081 669 2105 ε
695 2079 778 2105 corr
802 2068 859 2104 m‘
897 2067 937 2106 τὲ
965 2069 1009 2105 Vi
1058 2072 1080 2104 8
1106 2067 1175 2114 μὲν
1200 2067 1230 2104 S
1283 2071 1304 2103 4
1331 2066 1380 2103 σὰ
1404 2066 1551 2103 innox-S

230 2118 253 2151 ὃ
278 2116 451 2153 δοθεῖσιν
477 2117 533 2153 Va
593 2120 616 2152 6
634 2116 870 2164 μετεωρήσας
896 2117 932 2154 7
951 2116 1018 2152 sed
1044 2130 1068 2162 η
1093 2126 1189 2160 eras,
1221 2115 1278 2152 Va
1346 2118 1367 2150 8
1393 2114 1441 2161 δὴ
1462 2117 1549 2161 post

180 2162 285 2200 anim
309 2163 411 2200 inser
436 2163 491 2201 V⁴
521 2164 526 2211 Ι
559 2163 704 2212 χρῄζων
728 2165 758 2202 S
835 2167 856 2201 9
882 2165 927 2201 σὺ
955 2164 1048 2201 77α
1058 2164 1111 2201 7ο
1136 2163 1202 2199 sed
1227 2163 1268 2199 in
1293 2162 1364 2199 hoc
1390 2177 1414 2199 v
1439 2174 1485 2199 ox
1510 2175 1548 2199 οι

180 2220 265 2247 oon·
282 2211 340 2247 ιιι*
431 2215 477 2248 10
500 2212 617 2260 τύχην
646 2212 718 2267 γὰρ
746 2212 782 2249 7
806 2212 964 2249 fortune
995 2213 1098 2248 recte
1129 2212 1176 2248 cf.
1202 2213 1229 2248 t.
1257 2210 1405 2255 1181‚9
1440 2212 1446 2256 Ι
1474 2210 1546 2270 γὰρ

181 2268 244 2294 om
270 2259 326 2295 Va
394 2263 437 2296 11
465 2257 502 2297 οἳ
521 2259 657 2307 scripu
676 2271 697 2297 ο
715 2260 809 2297 77η
851 2257 897 2297 οὗ
926 2260 1013 2298 VoS
1025 2260 1073 2297 Vs·
1089 2258 1198 2296 Wolf
1269 2262 1312 2294 12
1338 2271 1548 2305 μηκυνομε-

181 2318 249 2348 νος
273 2307 321 2344 Vi
406 2310 451 2343 18
475 2305 629 2356 ὕβρισαι
655 2309 692 2345 7
711 2307 778 2345 sed
797 2318 819 2344 ο
842 2319 864 2345 ο
889 2319 931 2344 στ
954 2319 1038 2344 corr
1055 2307 1124 2352 m’,
1163 2307 1219 2344 Va
1253 2306 1319 2343 ned
1345 2317 1408 2343 σαι
1432 2305 1549 2352 suppl

180 2353 239 2390 ω·
270 2357 278 2399 1
310 2354 377 2391 καὶ
402 2357 492 2392 ante
515 2353 612 2402 πρὸς
636 2356 693 2392 Va
732 2358 738 2403 Ι
770 2358 867 2392 θεοῦ
893 2356 922 2393 Β
970 2359 1015 2392 15
1039 2368 1083 2402 με
1109 2365 1171 2391 om
1198 2355 1254 2391 Va
1328 2358 1372 2390 1⁶
1399 2354 1548 2391 ἐπιστά-

179 2413 293 2447 μενος
317 2401 390 2439 nori
418 2402 452 2439 ni
471 2414 492 2440 ο
517 2403 553 2440 7
574 2403 643 2440 ned
669 2414 714 2440 ex
739 2402 997 2458 ἀπειπάμενος
1015 2414 1098 2440 con·
1115 2403 1173 2438 ιιι*
1209 2402 1466 2449 ἀπειπάμενος
1492 2403 1550 2438 Va

190 2449 338 2487 VoSVi
405 2450 460 2487 oli
499 2452 505 2498 Ι
539 2452 658 2488 δικῶν
683 2450 799 2493 ὁδούς
822 2450 956 2498 ιοιψεί
980 2462 1002 2487 ο
1027 2451 1063 2487 7
1095 2451 1209 2497 δικην
1234 2449 1255 2487 ὁ
1279 2449 1372 2492 δούς
1398 2450 1453 2486 Va
1463 2450 1551 2487 Vos

190 2497 236 2534 Vs·
259 2496 368 2535 Wolf
421 2502 468 2535 20
492 2498 737 2545 άρισταινέτω
757 2500 798 2536 D
853 2503 899 2535 22
924 2498 1015 2546 ἡμῖν
1041 2510 1102 2536 om
1128 2498 1206 2534 VD
