1806 2964
291 236 381 280 630
879 235 1061 271 LIBANH

286 349 502 401 θρήνιον
536 347 557 389 ὁ
589 348 706 402 λόγος
735 348 904 389 κάλλεΐ
929 362 973 388 τε
1007 348 1214 400 στίλβων
1244 346 1311 387 καὶ
1342 349 1498 388 πείθων
1529 347 1652 389 ἐνθυ-

286 414 444 467 μήμασι.
465 413 534 455 καὶ
557 415 740 468 πράττων
764 411 786 454 ὃ
813 413 988 465 σπεύδει,
1012 417 1091 453 νῦν
1116 411 1188 463 μὲν
1213 412 1287 465 τὴν
1311 419 1382 454 τοῦ
1405 417 1508 454 θεοῦ
1528 413 1650 453 δύνα-

290 495 360 531 μιν
385 479 544 529 δεικνὺς
569 479 613 520 ἐκ
637 485 716 520 τῶν
742 478 1047 533 ἐπιγραμμάτων
1071 477 1097 518 ἃ
1115 473 1169 531 ἦν
1187 485 1267 518 τῶν
1286 477 1551 532 ὑγιανάντων,
1575 485 1654 520 νῦν

291 544 334 586 δὲ
370 546 584 603 τραγῳδῶν
621 545 691 586 τὸν
725 552 804 585 τῶν
842 543 980 585 ἀθέων
1010 543 1108 585 κατὰ
1139 551 1211 584 τοῦ
1243 543 1319 584 νεὼ
1350 544 1543 596 πόλεμον,
1579 544 1653 597 τὴν

257 625 272 650 5
293 611 576 664 κατασκαφήν,
606 611 650 652 τὸ
675 617 776 663 πῦρ,
808 610 901 659 τοὺς
925 609 1212 664 ὑβριζομένους
1238 610 1418 664 βωμούς,
1447 609 1542 659 τοὺς
1564 608 1652 651 ἀδι-

290 675 516 730 κουμένους
543 676 668 725 ἷκέτας
693 676 769 717 οὐκ
793 675 992 728 ἐωμένους
1021 674 1296 729 ἀπαλλαγῆναι
1320 681 1464 716 κακῶν.
1493 678 1531 716 3.
1557 674 1652 715 ἀλλὰ

291 741 373 794 μὴν
406 742 428 783 ὅ
458 757 501 796 γε
522 742 697 795 ’βελτίων
723 739 937 796 Ἀδριανοῦ
970 748 1016 797 τῇ
1040 740 1130 795 περὶ
1155 741 1249 789 τοὺς
1274 739 1373 789 νεὼς
1397 741 1654 794 δεικνύμενος

291 808 431 863 γνώμη
471 808 659 863 δαιμονίᾳ
696 808 899 859 κεκίνηται
935 807 1074 862 τέχνῃ,
1112 807 1254 847 τούτου
1293 803 1331 847 δ’
1363 801 1415 847 αὖ
1453 806 1596 858 μείζων
1632 805 1654 847 δ

293 872 505 926 ὁμώνυμος
537 871 631 914 οὐδὲ
661 874 960 926 βουλεύσασθαι
993 876 1046 929 τῷ
1075 871 1271 928 δεχομένῳ
1303 871 1376 923 τὴν
1406 871 1655 926 παράκλησιν

241 953 275 978 10
294 938 526 993 ἐπιτρέπων,
550 937 685 987 ἁπλῶς
711 937 752 979 δὲ
777 939 908 979 πάντα
933 942 1016 986 ταῖς
1043 937 1114 990 μὲν
1134 937 1308 985 ἐννοίαις
1326 935 1549 990 ἀναγκάζει,
1573 942 1656 986 τοῖς

293 1003 336 1045 δὲ
367 1003 535 1057 ὀνόμασι
565 1005 711 1058 θέλγει.
751 1003 818 1045 καὶ
846 1003 981 1058 γέγονε
1013 1007 1066 1059 τῷ
1099 1003 1201 1059 λόγῳ
1232 1002 1275 1043 τὸ
1302 1002 1470 1056 μέγεθος
1487 1003 1653 1052 κάλλος·

293 1070 381 1122 ἣκει
411 1070 487 1123 γὰρ
520 1069 615 1122 μετὰ
646 1076 716 1111 τοῦ
748 1076 902 1121 καιροῦ.
948 1071 986 1109 4.
1018 1069 1088 1108 καί
1117 1084 1184 1120 μοι
1215 1068 1346 1116 δοκεῖς
1376 1067 1550 1120 ἀμείνων
1578 1074 1656 1109 νῦν

294 1134 518 1187 πεφηνέναι
553 1136 684 1190 ῥήτωρ
715 1133 743 1188 ἢ
774 1130 887 1189 ἦσθα
917 1135 994 1189 πρὸ
1020 1140 1092 1187 τῆς
1116 1139 1296 1187 ταραχῆς.
1329 1132 1544 1186 ἀπολαβὼν
1567 1134 1665 1187 γάρ,

295 1197 425 1255 οἶμαι,
462 1202 505 1243 τὸ
543 1202 770 1255 λογίζεσθαι
806 1199 914 1254 παρὰ
949 1206 1029 1240 τῶν
1066 1203 1176 1240 θεῶν
1212 1199 1374 1240 κάλλιον
1405 1197 1598 1251 ἀπέλαβες
1629 1197 1656 1252 ἢ

243 1279 277 1305 15
295 1265 512 1322 ἀφῃρέθης
537 1266 916 1320 παραμυθουμένων
941 1272 988 1322 τῇ
1014 1265 1230 1320 προσθήκῃ
1255 1264 1299 1305 τὸ
1325 1264 1499 1317 συμβάν·
1543 1261 1566 1305 ὃ
1590 1264 1658 1305 καὶ

296 1332 385 1387 περὶ
416 1332 486 1374 τὸν
511 1331 674 1374 Πέλοπα
705 1331 898 1384 πείθομαι
928 1329 1115 1385 γενέσθαι
1136 1330 1236 1383 ,μετὰ
1260 1329 1329 1370 τὸν
1354 1328 1516 1382 λέβητα·
1547 1345 1656 1384 χαρι-

297 1396 453 1452 έστερον
490 1396 564 1452 γὰρ
594 1395 854 1450 ἀποδοθῆναι
890 1400 943 1452 τῷ
973 1396 1159 1452 Ταντάλῳ
1190 1395 1260 1436 τὸν
1290 1394 1381 1435 υἱὸν
1412 1393 1439 1448 ἢ
1471 1390 1556 1444 οἷος
1590 1389 1658 1448 ἦν,

298 1463 361 1504 ὅτε
385 1464 443 1513 εἰς
467 1463 632 1503 δεῖπνον
657 1466 739 1510 τοῖς
764 1466 877 1510 θεοῖς
902 1460 1162 1513 κατετέμνετο.
1197 1463 1234 1501 5.
1261 1459 1358 1500 ἀλλὰ
1383 1459 1449 1500 καὶ
1473 1462 1548 1513 τὴν
1573 1459 1657 1501 ἐπι-

298 1528 442 1581 στολὴν
472 1529 600 1580 καλὴν
631 1527 720 1580 περὶ
751 1530 884 1567 καλῶν
915 1527 1060 1580 ἔλαβον
1085 1525 1264 1578 ἀδελφὴν
1289 1525 1458 1579 ἀτεχνῶς
1482 1515 1657 1576 ἐκείνων,

245 1606 280 1631 ²⁰
298 1593 399 1648 ὑπὲρ
425 1589 483 1636 ὧν
508 1594 689 1647 ἐβούλετο
716 1594 878 1646 δηλοῦν.
904 1591 971 1633 καὶ
996 1593 1018 1633 ὅ
1038 1607 1081 1646 γε
1101 1591 1272 1644 ἔπαθον,
1297 1590 1488 1632 ἄκουσον·
1515 1591 1658 1645 ἔλαβον

297 1659 370 1712 μὲν
394 1658 517 1712 ἄμφω
542 1658 663 1711 μέσον
687 1665 758 1711 τῆς
783 1658 1018 1711 συνουσίας,
1050 1657 1187 1699 ἐδίδου
1213 1655 1256 1697 δὲ
1286 1657 1465 1706 Τιτιανὸς
1491 1657 1654 1708 μειδιῶν

298 1725 414 1775 εὶδὼς
443 1724 471 1766 ἃ
501 1725 649 1766 ἐδίδου.
690 1727 727 1765 6.
753 1724 827 1776 τὴν
851 1723 1060 1775 ἐπιστολὴν
1086 1721 1129 1763 δὲ
1155 1722 1282 1771 εὐθὺς
1306 1721 1507 1776 ἀναγνοὺς
1531 1722 1658 1776 ἔγνων

374 1844 392 1875 1
420 1840 462 1876 11.
481 1854 504 1886 γ
529 1843 598 1875 392
650 1839 655 1886 Ι
708 1839 754 1874 cf.
775 1849 833 1884 cp.
856 1841 947 1874 1842
1022 1840 1042 1872 7
1070 1836 1260 1882 [ιιιιιρι-ἰᾱ.
1288 1835 1393 1872 Alex.
1414 1835 1495 1871 Sev.
1515 1839 1560 1871 43

301 1891 322 1924 8
348 1887 516 1924 lulianus
549 1886 754 1922 avunculus
780 1884 973 1932 principis.
1001 1885 1047 1920 cf.
1070 1896 1126 1931 ep.
1148 1888 1229 1920 712.
1257 1883 1373 1919 Seeck
1401 1887 1469 1919 190
1538 1887 1582 1919 16
1608 1883 1655 1919 cf.

301 1946 359 1981 op.
381 1938 450 1970 795
528 1939 568 1970 21
599 1933 718 1970 Seeck
736 1937 782 1969 43

375 2045 393 2077 1
421 2040 549 2077 κάλλεΐ
557 2040 724 2087 scripsic
752 2041 787 2075 V
820 2041 948 2076 maiust
968 2037 1448 2075 VaVoMoSViAthWolf
1508 2041 1531 2073 4
1550 2037 1659 2074 ἐναν-

301 2088 390 2126 τίων
417 2090 445 2125 S
515 2091 538 2124 ὅ
565 2084 812 2134 ἠδικημένους
838 2088 873 2123 V
939 2090 962 2122 6
987 2085 1137 2128 οἰκέτας
1163 2087 1231 2122 Mo
1304 2089 1326 2121 8
1350 2085 1457 2132 τέχνῃ
1484 2084 1617 2131 scripsi
1638 2095 1659 2121 c

311 2138 347 2173 V
363 2137 431 2173 aed
456 2147 478 2172 ο
497 2136 622 2182 γνώμη
649 2146 731 2171 corr
755 2135 822 2179 m‘,
855 2135 911 2171 Va
923 2135 990 2171 Mo
1032 2139 1077 2178 τῆ
1100 2132 1211 2180 τέχνη
1237 2132 1313 2170 Ath
1360 2133 1487 2179 γνώμῃ
1514 2132 1661 2169 VoSVi

301 2184 410 2220 Wolf
426 2186 434 2230 Ι
454 2181 491 2219 δ’
515 2183 649 2230 scripsi
690 2181 724 2219 τ’
747 2182 836 2218 libri
862 2181 968 2218 Wolf
984 2183 990 2227 Ι
1012 2183 1136 2228 μεῖζον
1164 2181 1218 2216 Va
1292 2183 1336 2216 10
1360 2179 1504 2221 ἁπλοῦς
1529 2179 1605 2216 Atta

306 2236 347 2268 11
374 2226 528 2278 γέγονεν
554 2231 612 2268 Va
685 2234 728 2266 12
755 2230 842 2266 νυνὶ
866 2230 896 2267 S
966 2232 1011 2264 13
1036 2228 1240 2276 ἀποβαλὼν
1265 2227 1332 2265 VS
1353 2229 1393 2264 et
1417 2238 1500 2266 corr
1525 2228 1594 2264 Mo

305 2283 349 2315 14
373 2280 460 2324 περὶ
486 2275 638 2316 MoAtJ·
712 2280 756 2313 18
782 2279 836 2320 εἰς
860 2288 922 2313 om
946 2277 1022 2313 Ath
1051 2278 1058 2322 Ι
1085 2275 1255 2322 ἐτέμνετο
1281 2276 1307 2312 δ
1381 2278 1425 2311 19
1452 2274 1546 2312 ὅθεν
1571 2276 1660 2310 ante

303 2326 472 2371 ἀδελφὴν
499 2326 574 2362 Ath
594 2328 601 2373 Ι
623 2325 739 2371 ἄλλην
765 2325 812 2361 Vi
883 2328 930 2360 20
955 2324 1101 2361 ἔπαθεν
1126 2325 1196 2360 Mo

349 2442 396 2522 b‘l
419 2438 448 2523 g
469 2451 510 2485 γε
542 2438 695 2486 βελτίων
721 2435 935 2484 Ἀδριανοῦ]
968 2435 988 2472 ὁ
1024 2435 1233 2481 κατάρατος
1254 2433 1459 2475 Ἰουλιανὸς
1488 2445 1660 2481 suprascr

303 2499 349 2522 ru
376 2499 394 2522 ι·
