1806 2964
268 230 358 272 428
857 230 1039 266 LIBANII

272 341 446 396 ἐνεγκεῖν
471 340 499 395 ἢ
523 344 658 395 λαβεῖν
680 342 777 382 ὅθεν
797 342 845 382 οὐ
863 343 971 383 πάνυ
992 344 1124 384 καλόν.
1159 343 1224 383 καὶ
1245 344 1408 395 μάλιστα
1434 339 1491 384 ὧν
1516 345 1632 398 ἴσμεν

269 407 313 448 τὸ
339 407 394 460 μὴ
418 408 642 462 κερδαίνειν
666 406 805 460 κέρδος
835 405 996 461 ἡγεῖται.
1048 411 1115 448 11.
1141 414 1318 456 τοιοῦτος
1349 407 1391 449 δὲ
1423 408 1480 449 ὢν
1505 409 1629 451 αὐτοῦ

271 471 314 513 σὲ
338 474 478 526 βελτίω
503 473 641 525 τίθησι
665 472 732 513 καὶ
756 474 903 521 παῖδας
927 472 1033 528 αὐτῷ
1065 472 1128 513 σοὶ
1151 472 1338 526 γενέσθαι
1363 475 1631 527 προσομοίους

270 536 431 591 εὔχεται.
459 537 526 578 καὶ
546 537 734 579 τοσοῦτόν
753 537 832 578 ἐστι
850 538 893 579 τὸ
914 539 1093 591 φίλτρον,
1113 536 1221 591 ὥστ’,
1239 539 1280 579 εἴ
1291 555 1350 588 τις
1369 539 1491 580 αὐτὸν
1504 539 1631 594 ἔροιτο

236 620 251 645 5
275 607 400 644 θεῶν·
441 599 471 644 ὦ
508 603 776 656 Κλημάτιε,
820 602 1045 644 δέδοκται
1087 601 1203 657 ἡμῖν
1241 603 1512 653 ἀθανασίας
1555 617 1630 646 σοι

273 670 587 721 μεταδοῦναι,
619 664 715 709 ἀλλ’
743 668 1040 722 ὑφορώμεθά
1069 684 1118 723 γε
1149 670 1209 722 μή
1240 669 1392 722 τυχὼν
1423 667 1521 710 εἶτα
1552 670 1630 711 καὶ

271 733 394 792 ἄλλῳ
421 737 594 775 δοῦναι
614 735 813 789 δεηθῇς·
840 734 882 774 εἰ
905 729 991 774 οὖν
1009 733 1192 788 ἀπόχρη
1212 747 1286 775 σοι
1306 735 1432 792 μόνῳ
1453 737 1632 789 λαβεῖν,

272 799 564 855 ἀποκρίνου,
590 800 704 840 δοκεῖ
723 794 798 840 οὖν
818 814 885 852 μοι
903 795 1010 840 ταῦτ’
1034 798 1085 840 ἂν
1104 798 1291 853 ἀκούσας,
1315 801 1353 841 εἰ
1370 800 1424 854 μὴ
1444 800 1538 852 μετὰ
1556 807 1631 842 σοῦ

273 873 390 907 τοῦτο
410 866 513 918 ἐξείη
532 867 683 919 λαβεῖν,
703 862 798 917 μηδ’
814 864 865 905 ἂν
884 864 1003 925 αὐτὸς
1022 864 1210 918 ἐθελῆσαι
1228 867 1373 919 λαβεῖν.
1413 870 1481 907 12.
1506 867 1631 914 οὕτως

219 948 253 973 ιο
273 930 370 984 ἡμῖν
396 931 616 985 ἀνήρτησαι
640 932 710 972 τὸν
733 932 856 973 καλὸν
881 930 1128 983 Κλημάτιον,
1158 931 1225 972 καὶ
1256 931 1459 986 ὁμολογῶν
1485 932 1545 972 ὅτι
1569 944 1633 972 σοι

274 997 447 1039 δέδωκεν
465 997 603 1046 αὐτόν,
622 997 837 1051 ἀγάλλεται.
870 998 1130 1046 συνελθόντες
1149 995 1191 1037 δὲ
1211 997 1318 1045 ὅπως
1331 995 1444 1050 (μὴ)
1456 997 1631 1050 κινήσετε

272 1064 344 1104 τὸν
375 1062 538 1116 βασιλέα
562 1062 608 1103 τὰ
634 1061 799 1114 συνήθη
823 1068 962 1102 ταῦτα’
995 1060 1016 1101 ὃ
1049 1063 1284 1115 σοφιστὴς
1315 1062 1540 1114 ἐπανίτω,
1571 1063 1632 1115 μὴ

275 1127 497 1180 μελλέτω,
521 1127 625 1168 ἐκεῖ
644 1127 704 1180 μὴ
730 1126 864 1178 ἔστω,
888 1127 938 1167 ἐν
967 1125 1128 1184 Θρᾴκῃ
1154 1127 1280 1168 ἔστω.
1333 1131 1399 1168 13.
1425 1120 1575 1182 ῲελᾶτε,
1600 1124 1634 1168 ὦ

273 1195 413 1246 βίαιοι,
438 1193 538 1247 πρὸς
562 1193 610 1233 τὰ
635 1193 800 1247 ῥήματα,
826 1189 910 1232 ἀλλ’
932 1192 1007 1246 ἐγὼ
1031 1194 1168 1245 κλαίω,
1193 1194 1233 1234 εἴ
1251 1209 1296 1246 με
1323 1193 1454 1245 δεήσει
1478 1193 1544 1234 διὰ
1564 1195 1636 1245 φί-

219 1275 254 1302 15
274 1263 355 1300 λων
376 1259 624 1311 φιλονεικίαν
644 1258 844 1312 φεύγοντα
868 1265 999 1311 ψῦχος
1023 1258 1079 1307 εἰς
1103 1258 1301 1313 βόρβορον
1326 1258 1519 1311 ἐμπεσεῖν.
1558 1258 1580 1299 ὅ
1598 1273 1632 1299 τι

273 1324 317 1364 δὲ
343 1324 364 1363 ὁ
391 1325 585 1376 βόρβορός
610 1340 677 1376 μοι
703 1327 799 1374 νοεῖ,
824 1323 1053 1376 Κλημάτιός
1079 1336 1120 1365 σε
1145 1324 1304 1373 διδάξει.

351 1434 394 1463 12
421 1429 466 1463 cf.
488 1440 546 1473 ep.
567 1431 649 1470 438,
665 1431 684 1462 6
708 1428 713 1473 Ι
736 1428 782 1462 cf.
802 1429 830 1463 t.
850 1426 919 1462 V11
939 1430 998 1471 67,
1020 1432 1060 1462 11
1104 1444 1107 1446 ·
1140 1432 1183 1462 15
1210 1427 1406 1462 Salzmann
1435 1431 1479 1463 94

349 1529 367 1559 1
395 1524 437 1559 τὸ
464 1525 551 1559 ante
577 1523 838 1574 zassethsed
869 1533 931 1558 ras
959 1527 979 1557 2
1007 1523 1073 1558 litt
1105 1524 1193 1568 post
1223 1523 1399 1568 coya&
1417 1524 1463 1558 Vi
1493 1522 1601 1558 Wolf

274 1571 397 1608 delevi
420 1573 425 1616 Ι
448 1571 498 1613 ὡς
524 1571 557 1606 V
578 1571 644 1607 sed
670 1570 709 1605 in
735 1574 788 1605 ὠν
813 1581 894 1605 corr
913 1571 979 1614 m⁴,
1016 1571 1068 1606 Va
1124 1574 1144 1606 2
1171 1570 1288 1606 αὑτοῦ
1308 1591 1351 1597 -
1368 1574 1388 1606 3
1415 1568 1453 1606 σὲ
1496 1569 1634 1607 ἀείσω

275 1618 322 1654 τὰ
343 1620 388 1654 Vi
464 1626 484 1653 2
512 1619 628 1654 αὐτοῦ
657 1618 768 1654 Vsed
783 1615 795 1630 ’
819 1618 858 1652 in
873 1616 883 1630 ‘
909 1629 991 1653 con·
1015 1618 1083 1662 m⁴,
1118 1618 1170 1654 Va
1194 1618 1241 1655 S!
1257 1620 1293 1653 et
1312 1629 1348 1654 η
1394 1621 1414 1653 3
1441 1629 1480 1654 σε
1506 1616 1637 1665 βελτίω

276 1667 409 1711 scripsi
461 1678 499 1702 σε
533 1664 662 1713 βελτίω
697 1666 843 1702 VVaS!
896 1665 1024 1712 βελτίω
1059 1666 1096 1701 σὲ
1127 1666 1192 1702 Su
1203 1667 1301 1702 Vind
1339 1665 1446 1701 Wolf
1487 1667 1493 1712 Ι
1539 1666 1641 1714 αὑτῷ

275 1714 408 1759 scripsi
427 1716 528 1759 (cum
543 1714 593 1757 R)
636 1714 736 1749 αὐτῶ
764 1714 820 1750 Va
829 1713 875 1750 SI·
896 1715 935 1749 elz
955 1724 988 1749 11
1013 1714 1165 1749 ViVi'nd
1204 1713 1329 1749 αὐτῶν
1356 1714 1387 1749 V
1421 1724 1483 1749 om
1502 1712 1611 1749 Wolf
1628 1714 1632 1761 Ι

276 1761 456 1808 γενέσθαι
483 1762 542 1798 σοὶ
567 1762 630 1798 Su
644 1762 741 1797 Vind
775 1763 780 1806 Ι
814 1761 878 1796 καὶ
904 1763 993 1796 ante
1018 1759 1269 1806 προσομοίους
1295 1761 1330 1797 V
1359 1760 1424 1797 sed
1450 1760 1512 1797 del
1537 1761 1594 1796 m⁴
1627 1763 1631 1805 ξ

275 1808 527 1855 προσομοίους
543 1810 578 1844 V
599 1809 666 1844 sed
692 1820 711 1844 o
736 1806 832 1852 προσ
857 1807 1011 1853 ὁμοίους
1036 1819 1116 1843 corr
1159 1806 1312 1854 ὁμοίους
1334 1809 1375 1844 Vi
1446 1812 1468 1843 4
1494 1807 1584 1844 ὥστε
1605 1808 1641 1844 V

284 1858 339 1892 Va
349 1857 393 1893 S!
411 1859 455 1893 Vi
479 1856 587 1892 Wolf
628 1859 633 1902 Ι
679 1856 795 1892 αὐτὸν
822 1857 868 1891 Vi
893 1856 958 1891 sed
991 1857 1035 1892 ὸν
1061 1867 1106 1892 ex
1138 1862 1190 1892 ῶν
1215 1867 1297 1891 con·
1329 1856 1385 1891 m⁴
1471 1859 1492 1891 8
1516 1861 1635 1892 ταῦτα

283 1905 376 1941 VVa
470 1908 491 1939 9
516 1903 617 1939 τοῦτ’
641 1902 689 1940 ἂν
718 1905 763 1940 Vi
807 1905 812 1949 Ι
858 1903 955 1949 ἐξείη
981 1905 1110 1950 λαβεῖν
1141 1903 1275 1949 scripsi
1301 1914 1321 1939 e
1348 1904 1381 1938 V
1410 1904 1475 1939 sed
1506 1905 1551 1939 λα
1578 1909 1635 1940 εῖν

275 1952 337 1988 del
363 1953 431 1995 m⁴‚
469 1953 570 1988 VaS1
586 1953 632 1988 Vi
668 1953 797 1998 λαβεῖν
822 1950 919 1997 ἐξείη
945 1951 1008 1987 Su
1021 1951 1119 1988 Vind
1143 1951 1251 1986 Wolf
1277 1951 1284 1997 Ι
1312 1951 1361 1997 μὴ
1380 1949 1418 1987 δ’
1450 1952 1484 1986 V
1503 1962 1543 1986 se
1594 1949 1632 1986 δ’

275 2000 377 2036 inser
390 2000 456 2041 m⁴‚
479 2000 534 2035 Va
545 2000 590 2036 Vi
626 1999 676 2045 μὴ
695 1999 758 2035 SI!
771 1998 869 2036 Vind
887 1998 996 2035 Wolf
1042 2003 1086 2034 10
1099 1998 1309 2045 ἀνήρτησαι
1331 1999 1463 2045 scripsi
1483 2000 1640 2034 auctore

278 2047 331 2082 Re
376 2047 562 2093 ἀνήρησαι
582 2048 642 2083 Su
692 2046 880 2093 ἀνῄρησαι
912 2047 1003 2082 VVa
1014 2047 1060 2083 SI
1072 2047 1225 2083 ViVind
1249 2046 1357 2082 Wolf
1447 2051 1489 2082 11
1517 2045 1634 2082 αὐτὸν

284 2096 340 2131 Va
379 2096 385 2142 1
414 2095 463 2141 μὴ
513 2095 654 2130 inserui
698 2106 758 2130 om
784 2093 873 2129 libri
892 2093 999 2130 Wolf
1040 2096 1046 2139 Ι
1095 2093 1216 2138 ,ὅπως
1241 2093 1289 2140 μὴ
1318 2093 1452 2141 κινήσῃ
1477 2094 1545 2130 τὸν
1569 2094 1635 2141 βα-

276 2141 380 2178 σιλέα
399 2142 445 2178 τὰ
471 2147 537 2178 aut
565 2141 665 2183 ὅπως
689 2142 737 2187 μὴ
769 2141 942 2187 κινήσητε
975 2142 1040 2177 τὸν
1071 2140 1225 2188 βασιλέα
1255 2142 1350 2186 πρὸς
1381 2141 1427 2177 τὰ
1462 2140 1633 2186 συνήθη“

278 2191 332 2225 Re
358 2190 478 2236 Suppl
519 2194 523 2235 Ι
565 2189 756 2234 κινήσεται
781 2189 882 2226 Vina
957 2194 999 2224 12
1026 2189 1194 2235 λέγοντες
1217 2191 1304 2234 post
1327 2194 1447 2224 ταῦτα
1470 2188 1637 2225 inseren-

276 2262 366 2296 dum
392 2261 542 2297 videtur
619 2266 659 2296 13
687 2260 820 2306 μελέτω
848 2262 895 2298 Vi
927 2263 933 2306 Ι
966 2274 1030 2306 μοι
1055 2260 1120 2297 SI!
1190 2264 1234 2296 14
1260 2259 1351 2297 κλέω
1380 2261 1477 2296 Vind
1521 2262 1528 2304 Ι
1573 2247 1630 2306 μίεη

276 2309 321 2345 S!
341 2314 346 2355 Ι
369 2309 497 2355 δεήσοι
524 2310 571 2345 Va·
646 2313 687 2345 15
715 2308 836 2354 ψύχος
860 2308 949 2344 libri
974 2307 1090 2350 Wolf,
1115 2308 1273 2344 fortasse
1292 2309 1394 2344 recte
1413 2307 1459 2344 of.
1479 2319 1538 2354 ep.
1553 2310 1633 2342 344.

276 2360 358 2393 348.
385 2360 466 2392 693.
494 2360 586 2391 1409
633 2359 639 2401 Ι
674 2356 726 2397 εἰς
750 2356 784 2391 V
806 2356 873 2392 sed
899 2369 912 2391 ι
939 2367 1021 2391 eras
1044 2358 1050 2403 Ι
1072 2355 1243 2402 ἐμπεσεῖν
1272 2356 1327 2391 Va
1353 2355 1417 2390 sed
1445 2361 1500 2391 εῖν
1525 2354 1637 2401 suppl

274 2405 331 2438 111⁵
407 2408 450 2439 16
476 2405 677 2450 κλημάτιος
706 2405 739 2439 V
759 2403 825 2439 sed
851 2417 897 2439 ατ
921 2404 961 2438 in
986 2414 1046 2439 ras
1069 2404 1127 2438 m⁴
