1806 2964
625 209 893 248 Epls‘rULAE
919 212 1111 246 sse-³88
1220 219 1222 221 ·
1464 204 1554 247 379

817 333 910 385 τπζ.
1480 336 1531 372 W
1556 339 1628 372 390

655 421 919 476 Θαλασσίῳ.
970 428 1075 474 (358)

242 510 280 548 1.
313 506 499 562 Χρηστὸς
533 502 570 547 εἶ
600 505 810 560 γράμματα
845 506 971 556 ζητῶν
1004 502 1072 544 καὶ
1106 502 1276 555 φάσκων
1309 504 1363 558 τῷ
1395 497 1469 553 μὲν
1504 498 1554 540 οὖ

177 574 319 628 λαβεῖν
351 571 583 628 ἀρρωστεῖν,
618 571 779 619 πάντως
814 566 850 611 δ’
881 568 932 610 ἂν
969 568 1133 624 ὑγιᾶναι
1166 567 1312 622 λαβών.
1347 565 1476 607 ἐκεῖνό
1509 579 1553 619 γε

178 639 275 693 μήν,
301 635 390 681 οὐδ’
419 638 455 680 εἰ
476 638 586 679 πάνυ
611 638 835 691 βουλοίμην
858 636 1102 691 χαρίζεσθαι,
1125 633 1296 689 χρηστὸν
1320 632 1394 686 ἔχω
1419 633 1554 672 καλεῖν
1591 644 1609 670 5

179 704 224 747 τὸ
249 708 352 759 τρεῖς
377 702 584 754 ἐπιστολὰς
608 703 799 756 εἰληφότα
823 705 1059 757 κατηγορεῖν
1084 699 1138 750 ὡς
1163 699 1263 748 ὅλως
1288 696 1552 752 σεσιγηκότος.

178 771 243 814 ὅτι
276 769 350 824 μὲν
383 770 459 825 γὰρ
494 768 520 823 ἡ
555 775 628 811 τοῦ
662 770 783 810 πάλιν
807 768 962 810 ἐθέλειν
986 768 1124 821 λαβεῖν
1148 765 1348 818 ἐπιθυμία
1371 762 1473 817 πρὸς
1507 761 1552 803 τὸ

179 838 332 890 ψεῦδος
367 835 467 891 ἄγει,
501 837 642 890 δῆλον·
677 834 772 888 ἐξῆν
806 833 942 888 μέντοι
974 832 1043 875 καὶ
1076 832 1120 874 τὸ
1156 830 1282 873 δοθὲν
1318 829 1372 879 ὡς
1407 828 1551 884 μικρὸν

174 903 416 957 αἰτιώμενον
440 901 658 955 ἀληθεύειν
676 916 715 942 τε
735 899 837 954 ὁμοῦ
857 899 923 941 καὶ
942 900 1063 941 πλείω
1083 900 1223 951 ζητεῖν.
1264 900 1304 938 2.
1329 891 1414 937 ἀλλ’
1438 892 1553 948 ἡμεῖς

178 985 222 1025 γε
256 969 364 1024 παρὰ
389 975 470 1009 τῶν
495 975 577 1010 σῶν
603 966 874 1022 ὁμολογοῦμεν
898 965 963 1007 ἀεί
994 981 1034 1007 τε
1067 964 1136 1006 καὶ
1169 962 1294 1004 πολλὰ
1329 961 1552 1015 λαμβάνειν
1574 976 1608 1001 ιο

176 1035 246 1077 καὶ
271 1030 329 1077 ὧν
353 1035 586 1090 βουλόμεθα
610 1034 742 1074 πλείω.
787 1029 847 1082 οἷς
874 1031 1130 1084 ἀντιδίδομεν
1154 1030 1269 1084 χάριν
1293 1028 1337 1069 τὸ
1363 1026 1427 1069 σοὶ
1450 1042 1551 1081 παρ-

178 1106 310 1144 αινεῖν
335 1105 572 1154 μνησθῆναι
597 1106 668 1153 τῆς
699 1098 860 1154 ἀγαθῆς
883 1097 1075 1153 γυναικὸς
1100 1095 1167 1137 καὶ
1192 1095 1292 1149 πρὸς
1318 1093 1467 1135 σαυτὸν
1491 1091 1551 1133 ἀεὶ

176 1167 306 1223 λέγειν
331 1168 390 1209 ὅτι
415 1166 546 1221 πατὴρ
572 1164 685 1207 οὔπω
711 1164 889 1220 γέγονας.

811 1318 913 1374 τπη’.
1288 1325 1338 1360 W
1364 1328 1432 1360 391
1459 1323 1570 1371 (Ceut
1590 1324 1626 1366 6)

606 1407 898 1463 Στρατηγίῳ.
951 1413 1125 1461 (358]59)
1572 1414 1610 1440 15

242 1497 279 1533 1.
317 1491 444 1534 Οὔπω
469 1507 516 1545 με
541 1495 733 1546 καθαρῶς
758 1489 1029 1545 ἀπαλλαγέντα
1054 1496 1126 1530 τοῦ
1152 1488 1195 1530 ἐν
1220 1495 1268 1545 τῇ
1294 1491 1448 1543 κεφαλῇ
1480 1502 1552 1526 κα-

175 1565 253 1601 κοῦ
280 1561 415 1612 μεῖζον
439 1557 572 1612 ἕτερον
596 1557 710 1611 ἔλαβε
735 1557 873 1610 κακόν,
898 1555 920 1598 ὃ
945 1556 1020 1610 τὴν
1045 1555 1185 1609 ψυχὴν
1209 1554 1398 1608 ἐνέπλησε
1425 1553 1552 1605 ζόφου

175 1623 246 1666 καὶ
279 1621 333 1665 δι’
361 1622 384 1665 ὃ
409 1623 549 1665 πολλοὶ
574 1630 653 1664 τῶν
679 1624 809 1676 φίλων
834 1624 964 1664 πολύν
991 1638 1059 1676 μοι
1089 1622 1375 1676 παρεκάθηντο
1406 1619 1553 1674 χρόνον

254 1745 272 1775 1
307 1740 358 1776 VI
379 1739 426 1787 γ’,
452 1739 515 1783 οἵ.
548 1739 606 1776 Va
631 1739 678 1784 δ’,
705 1738 773 1785 οη’.
809 1740 860 1775 Vo
886 1738 933 1782 δ’,
960 1738 1030 1783 οη’.
1055 1737 1085 1774 S
1106 1738 1154 1786 β’,
1179 1736 1229 1773 α’.
1261 1737 1309 1772 Vi
1335 1735 1401 1784 [θ’]

188 1793 299 1872 Vin?
312 1789 382 1880 οἵ]
409 1787 457 1835 γ’,
488 1787 557 1834 οη’.
598 1789 654 1824 Va
679 1787 727 1833 δ’,
759 1787 833 1824 σθ’.
882 1788 933 1823 Ῐό
958 1785 1006 1829 δ’,
1032 1785 1107 1822 σθ’.
1143 1786 1172 1822 S
1203 1785 1249 1834 β’,
1275 1784 1336 1828 λζ.
1378 1785 1424 1821 Vi
1447 1783 1552 1832 [ξα’].

252 1947 273 1980 2
299 1944 346 1980 cf.
367 1954 426 1990 ep.
447 1947 529 1979 377.
568 1943 687 1980 Seeck
713 1946 794 1980 290.
822 1946 903 1980 349.
942 1942 1111 1979 Silomon
1140 1946 1183 1978 17
1263 1945 1306 1977 15
1333 1940 1479 1977 Sievers
1506 1945 1551 1978 ‘18

179 1991 335 2028 non-18.
362 1991 480 2028 Seeck
507 1994 588 2028 282.
615 1995 697 2028 349.
725 1995 807 2027 353.
833 1991 1003 2027 Silomon
1030 1995 1072 2027 17

253 2104 275 2136 4
301 2100 517 2145 ἀρρωστεῖν,
543 2099 694 2141 πάντως
719 2097 756 2134 δ’
779 2097 829 2135 ἂν
854 2099 1010 2145 ὑγιᾶναι
1035 2098 1168 2144 scripsi
1205 2099 1422 2142 ἀρρωστεῖν.
1454 2096 1554 2133 πάν-

181 2160 252 2189 τως
275 2147 316 2184 δ’
337 2146 386 2184 ἂν
412 2147 567 2193 ὑγιάναι
593 2148 763 2194 (ὑγιᾶναι
790 2148 826 2184 V
857 2145 1029 2193 ὑγίαιναι
1055 2147 1099 2193 S)
1123 2146 1214 2182 libri
1239 2146 1348 2182 Wolf
1411 2149 1433 2181 6
1460 2144 1553 2186 ὅλως

190 2196 224 2230 V
243 2195 310 2232 sed
336 2210 365 2232 ω
391 2205 437 2232 ex
462 2208 483 2232 ο
509 2206 592 2232 corr
616 2195 673 2231 m⁴
772 2199 791 2230 7
812 2196 941 2242 λαβεῖν
961 2194 1110 2232 ἐθέλειν
1137 2195 1182 2230 Vi
1274 2197 1296 2229 8
1322 2193 1389 2240 μέν
1414 2205 1479 2239 μοι
1507 2194 1554 2230 Vi

179 2243 247 2278 sed
271 2256 329 2280 τοι
354 2254 471 2290 supra
490 2257 554 2289 μοι
573 2244 630 2279 m⁸
651 2246 657 2290 1
679 2243 760 2291 καὶ]
782 2255 841 2280 σοι
861 2244 946 2279 coni
966 2243 1021 2279 Re
1094 2246 1138 2278 10
1164 2241 1283 2279 πολλὰ
1310 2243 1344 2278 V
1365 2242 1431 2278 sed
1458 2241 1504 2277 λὰ
1530 2253 1552 2276 e

180 2290 227 2326 λά
251 2303 291 2328 τε
317 2302 400 2327 corr
424 2291 481 2326 m⁴
556 2296 598 2327 11
625 2288 679 2327 ὧν
704 2294 793 2327 ante
819 2291 1065 2336 ἀντιδίδομεν
1090 2291 1119 2328 S
1193 2294 1236 2325 12
1262 2288 1358 2334 πρὸς
1383 2290 1501 2326 αὐτὸν
1524 2290 1560 2326 V

182 2339 248 2374 sed
274 2339 324 2375 αὐ
349 2339 390 2374 in
416 2351 488 2375 σαυ
521 2350 603 2375 corr
633 2339 701 2384 m⁶,
734 2341 782 2377 Vi
811 2337 1027 2384 προσαυτὸν
1046 2340 1102 2375 Va
1131 2339 1228 2383 πρὸς
1257 2339 1376 2374 αὑτὸν
1404 2339 1456 2374 Vo

184 2390 228 2422 15
249 2386 403 2423 ἐλπιδίω
429 2387 459 2424 S
480 2393 530 2423 τῶ
556 2388 657 2423 αὐτῶ
677 2387 715 2432 (i.
736 2399 767 2424 e.
788 2386 1026 2436 Στρατηγίῳ)
1053 2387 1101 2423 Vi
1128 2389 1181 2435 τῷ
1207 2389 1317 2423 δεῖνα
1335 2385 1445 2421 Wolf
1460 2385 1553 2422 Ceut

230 2438 273 2470 17
301 2435 433 2483 ἔλαβεν
462 2435 516 2471 Va
566 2439 610 2471 18
636 2434 690 2471 δι’
714 2434 734 2472 ὃ
764 2436 856 2472 VVo
881 2436 947 2471 sed
975 2446 995 2471 e
1015 2434 1077 2472 διὸ
1097 2446 1181 2471 corr
1208 2434 1348 2471 V⁶Vo³
1372 2432 1434 2471 διὸ
1451 2433 1559 2469 Wolf

180 2481 277 2518 Ceut
297 2484 303 2530 Ι
324 2482 592 2528 παρεκάθοντο
621 2484 666 2520 Vi
691 2483 757 2519 sed
785 2497 805 2519 ο
832 2494 913 2519 eras
940 2486 977 2518 et
1000 2497 1024 2529 η
1050 2493 1225 2528 suprascr
1249 2482 1307 2518 m³
