1806 2964
634 213 901 250 EPISTULAE
929 218 1119 250 311-314
1222 243 1224 245 .
1459 214 1544 258 291

179 323 299 378 μένος
324 327 511 376 διατελεῖς
536 326 601 366 καὶ
627 326 806 380 βραδέως
834 327 982 380 *ἥκοντα
1001 327 1140 384 μέμφῃ
1162 327 1228 369 καὶ
1249 328 1462 382 δεξάμενος
1485 329 1547 382 βε-

180 390 410 446 βλαμμένον
434 392 479 433 ἐν
509 396 591 441 τοῖς
623 386 668 434 εὖ
695 393 910 447 πράττουσι
942 394 1098 447 στήσεις
1123 394 1240 444 εἰδὼς
1278 394 1338 436 ὅτι
1361 394 1451 449 περὶ
1474 391 1549 436 ἕνα

178 455 252 512 μὲν
276 458 348 516 ἔσῃ
372 459 609 514 πρόθυμος,
634 458 839 514 εὐεργέτης
865 458 907 500 δὲ
933 461 1115 517 γεγράψῃ
1141 467 1213 502 τοῦ
1244 468 1324 502 τῶν
1344 456 1549 514 Ἑλλήνων

173 523 336 579 γένοις·
369 523 444 575 ὥς,
469 525 490 566 8
522 540 559 566 τι
584 524 635 566 ἂν
667 521 786 575 οὗτος
817 520 862 567 εὖ
893 527 1032 583 πάθῃ,
1061 527 1208 577 πάντες
1241 524 1303 578 οἷς
1333 543 1370 568 τι
1400 526 1549 580 μέτεστι

174 581 305 646 λόγων
336 589 574 644 ὠφέληνται.
625 595 662 632 2.
699 591 763 633 καὶ
798 592 879 645 μὴν
911 592 962 634 σὺ
996 591 1070 646 μὲν
1100 592 1353 635 ἐπαινεῖσθαι
1385 593 1548 648 βούλοιο
1586 610 1603 636 5

177 655 243 711 ἅν,
267 658 396 715 τούτῳ
421 655 465 699 δὲ
490 657 670 700 ἐπαινεῖν
695 658 877 711 δύναμις.
909 658 1017 700 ἔσται
1042 658 1094 712 δὴ
1120 663 1175 716 τῷ
1206 658 1278 713 μὲν
1313 659 1408 715 ἔργα
1441 659 1550 714 παρὰ

179 730 269 778 σοῦ,
293 722 358 765 σοὶ
383 722 427 765 δὲ
451 723 561 777 παρὰ
586 724 702 765 τοῦδε
728 724 850 779 λόγοι,
875 724 964 778 ἐμοὶ
990 724 1033 766 δὲ
1058 725 1098 775 ἐξ
1121 725 1276 778 ἀμφοῖν
1295 724 1426 779 ἡδονὴ
1451 729 1549 779 λαμ*

180 789 391 843 βανόντων
417 790 532 843 ὑμῶν
557 788 584 830 ἃ
608 790 800 845 προσήκει
824 788 919 846 παρ’
947 791 1139 844 ἀλλήλων,

822 943 906 1003 ny'.
1477 957 1526 993 W
1553 960 1622 993 316

653 1031 930 1090 Εὐμολπίῳ.
964 1038 1072 1081 (357)
1570 1050 1605 1076 1⁰

239 1120 277 1157 1.
306 1114 438 1158 Οὐδὲν
472 1115 624 1157 ἄτοπον
653 1116 762 1171 παρὰ
794 1118 917 1169 φίλου
948 1118 1064 1173 χάριν
1101 1118 1260 1172 αἰτῆσαι
1291 1118 1551 1174 χαριζόμενον

179 1184 295 1239 φίλῳ.
328 1184 446 1235 φίλος
471 1181 514 1224 δὲ
540 1182 604 1224 σοὶ
638 1181 711 1236 μὲν
735 1183 832 1237 ἐγώ,
864 1185 1108 1239 Σωφρόνιος
1133 1183 1176 1226 δὲ
1207 1185 1307 1239 ἐμοί.
1347 1188 1385 1226 2.
1412 1184 1552 1238 δέομαι

176 1249 228 1302 δή
254 1261 330 1290 σου
355 1248 411 1303 μὴ
436 1255 602 1302 ποιῆσαι
627 1250 858 1307 Σωφρονίῳ
881 1249 956 1303 τὴν
974 1257 1055 1292 τῶν
1074 1252 1209 1293 ἵππων
1228 1258 1368 1305 κτῆσιν
1394 1252 1550 1304 ζημίαν.

174 1315 293 1370 ἀρκεῖ
310 1322 434 1357 ταῦτα
458 1313 555 1370 παρ’
585 1315 682 1369 ἐμοῦ
707 1316 808 1370 πρὸς
829 1316 1081 1370 Εὖμόλπιον·
1108 1318 1145 1358 εἰ
1174 1314 1212 1358 δ’
1241 1316 1358 1367 ἄλλος
1382 1312 1450 1371 ἦν,
1476 1334 1550 1370 μα·-

176 1381 279 1436 κρὰν
303 1380 526 1423 ἀποτείνειν
552 1382 641 1423 ἔδει.
1571 1399 1605 1425 25

823 1478 909 1522 ηδ’.
1477 1488 1527 1524 W
1554 1492 1622 1523 :517

661 1562 925 1622 Ἀνατολίῳ.
958 1572 1066 1614 (357)

243 1652 280 1689 1.
301 1644 468 1702 Ἐπειδὴ
494 1649 692 1690 πλειόνων
717 1648 796 1690 ἔδει
820 1651 1082 1705 γραμμάτων,
1114 1651 1201 1704 ἥκει
1232 1663 1295 1692 σοι
1320 1651 1459 1692 πλείω·
1487 1668 1551 1704 μι-

172 1721 282 1768 κρῶν
307 1714 351 1756 δὲ
376 1715 412 1756 εἰ
435 1715 627 1768 δεήσειεν,
651 1714 836 1768 ἀφίξεταί
854 1729 917 1757 σοι
935 1717 1068 1772 μικρά.
1102 1716 1244 1772 μέτρον
1264 1717 1338 1772 γὰρ
1358 1724 1551 1772 ποιοῦμαι

249 1834 271 1867 9
305 1832 356 1869 VI
376 1830 423 1878 γ’,
449 1831 495 1878 γ’.
529 1832 586 1868 Va
611 1830 658 1877 δ’,
684 1831 729 1878 γ’.
765 1833 817 1869 Vo
842 1832 891 1876 δ’,
918 1833 962 1878 γ’.
988 1833 1025 1868 A
1050 1830 1105 1881 [ι’]
1193 1837 1236 1870 16
1268 1834 1319 1870 Vl
1341 1832 1388 1879 γ’,
1413 1832 1460 1871 δ’.
1495 1835 1551 1870 Va

175 1877 224 1924 δ’,
249 1877 295 1915 δ’.
331 1879 382 1916 Vo
406 1878 455 1923 δ’,
480 1878 528 1916 δ’.
553 1879 584 1916 S
606 1879 653 1928 β’,
680 1879 744 1923 νζ.
780 1881 826 1918 Vi
850 1880 944 1927 Quy'.
970 1882 1009 1919 R
1033 1890 1066 1918 ῑ.
1093 1881 1243 1918 Benzel.
1264 1892 1324 1929 ep.
1345 1881 1430 1918 VIII

251 1990 296 2023 10
317 1987 436 2024 Seeck
453 1991 533 2024 135.
548 1991 631 2024 341.
659 1987 827 2025 Silomon
843 1992 863 2024 9
935 1994 978 2026 1⁶2
993 1989 1111 2027 Seeck
1126 1993 1196 2026 280
1274 1994 1317 2026 17
1332 1990 1379 2026 cf.
1395 2002 1451 2036 ep.
1468 1994 1550 2026 578.

177 2035 296 2071 Seeck
321 2039 380 2072 64.
407 2039 490 2072 342.
516 2035 686 2072 Silomon
713 2040 733 2072 9

255 2159 272 2191 1
299 2154 442 2202 ἥκοντα
471 2157 506 2192 V
527 2157 594 2192 sed
620 2170 645 2192 α
671 2167 717 2192 ex
742 2170 785 2200 ος
810 2168 892 2194 con·
916 2160 973 2193 111⁵
1035 2162 1056 2194 3
1083 2158 1253 2206 γέγραψο
1282 2160 1329 2197 Vi
1388 2162 1411 2194 4
1437 2158 1494 2195 ὅτι
1522 2160 1558 2196 V

183 2203 300 2240 VaVo
324 2203 433 2239 Wolf
462 2206 469 2250 Ι
496 2204 623 2241 πάθοι
646 2204 676 2241 S
707 2208 713 2251 Ι
746 2219 782 2242 τι
801 2204 862 2242 bm
892 2206 936 2242 Va·
1019 2210 1040 2242 5
1066 2205 1252 2255 βούλοι’,ς
1324 2212 1345 2243 6
1364 2207 1484 2256 τούτῳ
1509 2208 1551 2245 δὲ

179 2250 364 2298 ἐπαινεῖν]
398 2252 501 2289 ἔσται
532 2252 581 2299 δὴ
615 2259 759 2290 ταινεῖν
786 2254 834 2291 Vi
883 2256 889 2299 1
936 2254 1047 2300 ἔργον
1084 2266 1130 2291 ex
1168 2255 1258 2301 ἔργα
1296 2266 1380 2292 corr
1407 2256 1471 2292 Vi*

177 2301 197 2334 7
222 2299 328 2345 παρὰ
354 2301 390 2336 V
419 2302 425 2346 Ι
458 2302 571 2337 τοῦδε
597 2301 732 2348 scripsi
757 2312 777 2337 e
803 2303 900 2339 VVa
944 2304 1063 2339 αὐτοῦ
1092 2304 1240 2341 VoSVi
1268 2303 1374 2339 Wolf
1403 2306 1408 2350 Ι
1442 2302 1551 2351 λόγος

184 2347 231 2382 Vi
290 2351 311 2383 8
338 2348 443 2394 ἡμῶν
463 2349 507 2385 Vi
527 2354 533 2391 Ι
556 2349 677 2386 ἄλλων
696 2349 736 2385 in
762 2350 929 2396 ἀλλήλων
956 2363 1039 2388 corr
1066 2351 1131 2388 Vi¹
1196 2356 1236 2388 11
1267 2351 1488 2398 παραφίλου
1513 2355 1550 2390 A

227 2398 271 2431 12
296 2395 340 2432 δέ
363 2409 427 2442 μοι
452 2397 490 2433 A
542 2401 586 2432 14
610 2403 783 2445 παρεμοῦ
804 2400 840 2435 A
862 2399 867 2447 Ι
896 2398 1084 2444 εὔμολπον
1110 2400 1147 2436 A
1166 2400 1186 2484 R
1205 2399 1248 2437 δὲ
1269 2402 1306 2437 A
1329 2403 1334 2446 Ι
1363 2400 1551 2448 ἐπίρρημα

176 2444 264 2479 ante
288 2446 438 2489 μακρὰν
462 2445 565 2481 inser
591 2446 661 2483 Vo⁴
683 2447 690 2493 Ι
710 2446 861 2492 μακρὰν
890 2448 958 2484 Va·
971 2447 1038 2484 sed
1064 2461 1162 2493 μακρ
1189 2462 1211 2484 ν
1237 2448 1277 2484 in
1303 2459 1413 2496 marg
1438 2450 1495 2485 m⁶

180 2494 222 2526 15
242 2490 438 2529 ἀποτίνειν
459 2494 495 2529 A
548 2497 591 2528 17
617 2497 668 2543 τῷ
687 2495 790 2539 αὐτῷ
810 2496 848 2542 (i.
870 2506 898 2531 e.
917 2494 1123 2544 Άνατολίφ)
1137 2496 1221 2533 SVi
1277 2499 1321 2532 18
1341 2497 1478 2543 μικρὸν
1494 2498 1551 2535 Va
