<?xml version="1.0" encoding="UTF-8"?>
<!DOCTYPE html PUBLIC "-//W3C//DTD XHTML 1.0 Transitional//EN"
    "http://www.w3.org/TR/xhtml1/DTD/xhtml1-transitional.dtd">
<html xmlns="http://www.w3.org/1999/xhtml" xml:lang="en" lang="en">
 <head>
  <title>
</title>
<meta http-equiv="Content-Type" content="text/html;charset=utf-8" />
  <meta name='ocr-system' content='tesseract 3.04.00' />
  <meta name='ocr-capabilities' content='ocr_page ocr_carea ocr_par ocr_line ocrx_word'/>
</head>
<body>
  <div class='ocr_page' id='page_1' title='image "./operarecensuitri10libauoft_0037.png"; bbox 0 0 1806 2964; ppageno 0'>
   <div class='ocr_carea' id='block_1_1' title="bbox 675 218 1595 263">
    <p class='ocr_par' dir='ltr' id='par_1_1' title="bbox 675 218 1595 263">
     <span class='ocr_line' id='line_1_1' title="bbox 675 218 1595 263; baseline 0 -8"><span class='ocrx_word' id='word_1_1' title='bbox 675 218 947 255; x_wconf 73' lang='lat' dir='ltr'><strong>EPISTULAE</strong></span> <span class='ocrx_word' id='word_1_2' title='bbox 973 223 1116 256; x_wconf 77' lang='lat'><strong>25—27</strong></span> <span class='ocrx_word' id='word_1_3' title='bbox 1241 223 1244 226; x_wconf 76' lang='grc'>’</span> <span class='ocrx_word' id='word_1_4' title='bbox 1536 220 1595 263; x_wconf 79' lang='grc'><strong><em>25</em></strong></span> 
     </span>
    </p>
   </div>
   <div class='ocr_carea' id='block_1_2' title="bbox 206 332 1594 589">
    <p class='ocr_par' dir='ltr' id='par_1_2' title="bbox 206 332 1594 589">
     <span class='ocr_line' id='line_1_2' title="bbox 209 332 1594 388; baseline 0 -13"><span class='ocrx_word' id='word_1_5' title='bbox 209 340 325 375; x_wconf 83' lang='grc' dir='ltr'><strong><em>νοῦσι</em></strong></span> <span class='ocrx_word' id='word_1_6' title='bbox 350 334 420 375; x_wconf 87' lang='grc' dir='ltr'><strong><em>τὸν</em></strong></span> <span class='ocrx_word' id='word_1_7' title='bbox 451 333 673 386; x_wconf 75' lang='grc' dir='ltr'><strong><em>παιδευτὴν</em></strong></span> <span class='ocrx_word' id='word_1_8' title='bbox 699 333 748 374; x_wconf 83' lang='grc' dir='ltr'><strong><em>οὗ</em></strong></span> <span class='ocrx_word' id='word_1_9' title='bbox 774 332 1168 387; x_wconf 75' lang='grc' dir='ltr'><strong><em>παρακαλουμένοις,</em></strong></span> <span class='ocrx_word' id='word_1_10' title='bbox 1193 333 1292 375; x_wconf 81' lang='grc' dir='ltr'><strong><em>ὥστε</em></strong></span> <span class='ocrx_word' id='word_1_11' title='bbox 1318 333 1386 374; x_wconf 80' lang='grc' dir='ltr'><strong><em>καὶ</em></strong></span> <span class='ocrx_word' id='word_1_12' title='bbox 1410 333 1474 375; x_wconf 86' lang='grc' dir='ltr'><strong><em>σοὶ</em></strong></span> <span class='ocrx_word' id='word_1_13' title='bbox 1499 335 1594 388; x_wconf 87' lang='grc' dir='ltr'><strong><em>γρά-</em></strong></span> 
     </span>
     <span class='ocr_line' id='line_1_3' title="bbox 207 399 1593 456; baseline -0.001 -14"><span class='ocrx_word' id='word_1_14' title='bbox 207 415 328 452; x_wconf 87' lang='grc' dir='ltr'><strong><em>φοντι</em></strong></span> <span class='ocrx_word' id='word_1_15' title='bbox 354 400 455 455; x_wconf 84' lang='grc' dir='ltr'><strong><em>πρὸς</em></strong></span> <span class='ocrx_word' id='word_1_16' title='bbox 480 399 589 441; x_wconf 79' lang='grc' dir='ltr'><strong><em>αὐτὼ</em></strong></span> <span class='ocrx_word' id='word_1_17' title='bbox 614 399 690 453; x_wconf 79' lang='grc' dir='ltr'><strong><em>τὴν</em></strong></span> <span class='ocrx_word' id='word_1_18' title='bbox 709 399 866 441; x_wconf 78' lang='grc' dir='ltr'><strong><em>ἐκείνου</em></strong></span> <span class='ocrx_word' id='word_1_19' title='bbox 897 406 968 441; x_wconf 86' lang='grc' dir='ltr'><strong><em>τοῦ</em></strong></span> <span class='ocrx_word' id='word_1_20' title='bbox 994 399 1118 450; x_wconf 75' lang='grc' dir='ltr'><strong><em>ἔπους</em></strong></span> <span class='ocrx_word' id='word_1_21' title='bbox 1142 399 1271 456; x_wconf 80' lang='grc' dir='ltr'><strong><em>ἀρχὴν</em></strong></span> <span class='ocrx_word' id='word_1_22' title='bbox 1297 399 1436 454; x_wconf 80' lang='grc' dir='ltr'><strong><em>ἀρκεῖν</em></strong></span> <span class='ocrx_word' id='word_1_23' title='bbox 1461 400 1488 454; x_wconf 78' lang='grc' dir='ltr'><strong><em>ἥ</em></strong></span> <span class='ocrx_word' id='word_1_24' title='bbox 1513 417 1593 454; x_wconf 87' lang='grc' dir='ltr'><strong><em>φη-</em></strong></span> 
     </span>
     <span class='ocr_line' id='line_1_4' title="bbox 207 465 1594 520; baseline 0 -12"><span class='ocrx_word' id='word_1_25' title='bbox 207 477 292 508; x_wconf 85' lang='grc' dir='ltr'><strong><em>σιν·</em></strong></span> <span class='ocrx_word' id='word_1_26' title='bbox 332 467 455 509; x_wconf 78' lang='grc' dir='ltr'><strong><em>οὕτω</em></strong></span> <span class='ocrx_word' id='word_1_27' title='bbox 494 473 604 520; x_wconf 86' lang='grc' dir='ltr'><strong><em>νῦν,</em></strong></span> <span class='ocrx_word' id='word_1_28' title='bbox 642 467 764 520; x_wconf 80' lang='grc' dir='ltr'><strong><em>φίλα</em></strong></span> <span class='ocrx_word' id='word_1_29' title='bbox 802 466 954 508; x_wconf 76' lang='grc' dir='ltr'><strong><em>τέκνα.</em></strong></span> <span class='ocrx_word' id='word_1_30' title='bbox 987 467 1160 508; x_wconf 81' lang='grc' dir='ltr'><strong><em>πιστεύω</em></strong></span> <span class='ocrx_word' id='word_1_31' title='bbox 1194 465 1336 508; x_wconf 78' lang='grc' dir='ltr'><strong><em>δὲκαὶ</em></strong></span> <span class='ocrx_word' id='word_1_32' title='bbox 1374 467 1594 516; x_wconf 78' lang='grc' dir='ltr'><strong><em>Φιλόξενον</em></strong></span> 
     </span>
     <span class='ocr_line' id='line_1_5' title="bbox 206 532 854 589; baseline -0.002 -14"><span class='ocrx_word' id='word_1_33' title='bbox 206 532 300 584; x_wconf 73' lang='grc' dir='ltr'><strong><em>ἄξια</em></strong></span> <span class='ocrx_word' id='word_1_34' title='bbox 326 540 396 587; x_wconf 81' lang='grc' dir='ltr'><strong><em>τῆς</em></strong></span> <span class='ocrx_word' id='word_1_35' title='bbox 421 534 653 588; x_wconf 75' lang='grc' dir='ltr'><strong><em>συγγενείας</em></strong></span> <span class='ocrx_word' id='word_1_36' title='bbox 680 534 854 589; x_wconf 85' lang='grc' dir='ltr'><strong><em>δράσειν.</em></strong></span> 
     </span>
    </p>
   </div>
   <div class='ocr_carea' id='block_1_3' title="bbox 861 724 1666 778">
    <p class='ocr_par' dir='ltr' id='par_1_3' title="bbox 861 724 1666 778">
     <span class='ocr_line' id='line_1_6' title="bbox 861 724 1666 778; baseline 0.007 -10"><span class='ocrx_word' id='word_1_37' title='bbox 861 724 932 778; x_wconf 75' lang='grc' dir='ltr'><strong><em>κζ’.</em></strong></span> <span class='ocrx_word' id='word_1_38' title='bbox 1545 738 1596 773; x_wconf 91' lang='lat' dir='ltr'>W</span> <span class='ocrx_word' id='word_1_39' title='bbox 1622 743 1666 774; x_wconf 79' lang='lat'><strong><em>26</em></strong></span> 
     </span>
    </p>
   </div>
   <div class='ocr_carea' id='block_1_4' title="bbox 204 813 1593 1628">
    <p class='ocr_par' dir='ltr' id='par_1_4' title="bbox 638 813 1153 870">
     <span class='ocr_line' id='line_1_7' title="bbox 638 813 1153 870; baseline 0.002 -16"><span class='ocrx_word' id='word_1_40' title='bbox 638 815 948 869; x_wconf 77' lang='grc' dir='ltr'><strong><em>Μακεδονίῳ.</em></strong></span> <span class='ocrx_word' id='word_1_41' title='bbox 981 813 1153 870; x_wconf 63' lang='grc'><em>(358]59)</em></span> 
     </span>
    </p>

    <p class='ocr_par' dir='ltr' id='par_1_5' title="bbox 204 897 1593 1628">
     <span class='ocr_line' id='line_1_8' title="bbox 272 897 1593 957; baseline 0.001 -18"><span class='ocrx_word' id='word_1_42' title='bbox 272 903 308 940; x_wconf 93' lang='grc'><strong><em>1.</em></strong></span> <span class='ocrx_word' id='word_1_43' title='bbox 339 898 426 939; x_wconf 78' lang='grc' dir='ltr'><strong><em>Οὐκ</em></strong></span> <span class='ocrx_word' id='word_1_44' title='bbox 451 897 516 940; x_wconf 86' lang='grc' dir='ltr'><strong><em>ε’πὶ</em></strong></span> <span class='ocrx_word' id='word_1_45' title='bbox 548 903 676 957; x_wconf 73' lang='grc' dir='ltr'><strong><em>μικρῷ</em></strong></span> <span class='ocrx_word' id='word_1_46' title='bbox 704 914 746 953; x_wconf 84' lang='grc' dir='ltr'><strong><em>γε</em></strong></span> <span class='ocrx_word' id='word_1_47' title='bbox 779 900 996 952; x_wconf 81' lang='grc' dir='ltr'><strong><em>πεποίησαι</em></strong></span> <span class='ocrx_word' id='word_1_48' title='bbox 1031 899 1105 953; x_wconf 84' lang='grc' dir='ltr'><strong><em>τὴν</em></strong></span> <span class='ocrx_word' id='word_1_49' title='bbox 1137 898 1256 953; x_wconf 82' lang='grc' dir='ltr'><strong><em>ὁδόν,</em></strong></span> <span class='ocrx_word' id='word_1_50' title='bbox 1281 897 1367 941; x_wconf 80' lang='grc' dir='ltr'><strong><em>ἀλλ’</em></strong></span> <span class='ocrx_word' id='word_1_51' title='bbox 1391 899 1491 956; x_wconf 80' lang='grc' dir='ltr'><strong><em>ὑπὲρ</em></strong></span> <span class='ocrx_word' id='word_1_52' title='bbox 1524 899 1593 941; x_wconf 83' lang='grc' dir='ltr'><strong><em>ἀν-</em></strong></span> 
     </span>
     <span class='ocr_line' id='line_1_9' title="bbox 207 962 1592 1020; baseline 0.002 -15"><span class='ocrx_word' id='word_1_53' title='bbox 207 964 323 1019; x_wconf 87' lang='grc' dir='ltr'><strong><em>δρός,</em></strong></span> <span class='ocrx_word' id='word_1_54' title='bbox 348 963 396 1007; x_wconf 80' lang='grc' dir='ltr'><strong><em>ὃν</em></strong></span> <span class='ocrx_word' id='word_1_55' title='bbox 429 965 539 1015; x_wconf 83' lang='grc' dir='ltr'><strong><em>ὅπως</em></strong></span> <span class='ocrx_word' id='word_1_56' title='bbox 570 966 692 1019; x_wconf 81' lang='grc' dir='ltr'><strong><em>ἴδοις,</em></strong></span> <span class='ocrx_word' id='word_1_57' title='bbox 728 962 794 1006; x_wconf 79' lang='grc' dir='ltr'><strong><em>ἐπ’</em></strong></span> <span class='ocrx_word' id='word_1_58' title='bbox 822 965 947 1007; x_wconf 82' lang='grc' dir='ltr'><strong><em>αὐτὸν</em></strong></span> <span class='ocrx_word' id='word_1_59' title='bbox 979 965 1114 1007; x_wconf 79' lang='grc' dir='ltr'><strong><em>ἐλθεῖν</em></strong></span> <span class='ocrx_word' id='word_1_60' title='bbox 1147 964 1326 1008; x_wconf 76' lang='grc' dir='ltr'><strong><em>ὠκεανὸν</em></strong></span> <span class='ocrx_word' id='word_1_61' title='bbox 1360 962 1412 1020; x_wconf 76' lang='grc' dir='ltr'><strong><em>ἦν</em></strong></span> <span class='ocrx_word' id='word_1_62' title='bbox 1444 965 1497 1008; x_wconf 73' lang='grc' dir='ltr'><strong><em>ἄν</em></strong></span> <span class='ocrx_word' id='word_1_63' title='bbox 1529 980 1592 1008; x_wconf 91' lang='grc' dir='ltr'><strong><em>σοι</em></strong></span> 
     </span>
     <span class='ocr_line' id='line_1_10' title="bbox 205 1031 1592 1087; baseline 0.002 -15"><span class='ocrx_word' id='word_1_64' title='bbox 205 1032 338 1074; x_wconf 79' lang='grc' dir='ltr'><strong><em>καλόν.</em></strong></span> <span class='ocrx_word' id='word_1_65' title='bbox 373 1033 431 1074; x_wconf 82' lang='grc' dir='ltr'><strong><em>ὅτι</em></strong></span> <span class='ocrx_word' id='word_1_66' title='bbox 458 1031 500 1073; x_wconf 83' lang='grc' dir='ltr'><strong><em>δὲ</em></strong></span> <span class='ocrx_word' id='word_1_67' title='bbox 526 1032 681 1085; x_wconf 78' lang='grc' dir='ltr'><strong><em>ἔμελλες</em></strong></span> <span class='ocrx_word' id='word_1_68' title='bbox 712 1040 918 1087; x_wconf 82' lang='grc' dir='ltr'><strong><em>πανταχοῦ</em></strong></span> <span class='ocrx_word' id='word_1_69' title='bbox 955 1031 1071 1086; x_wconf 59' lang='grc' dir='ltr'><strong><em>1ἡμῶν</em></strong></span> <span class='ocrx_word' id='word_1_70' title='bbox 1108 1034 1383 1087; x_wconf 80' lang='grc' dir='ltr'><strong><em>μεμνήσεσθαι</em></strong></span> <span class='ocrx_word' id='word_1_71' title='bbox 1421 1033 1490 1075; x_wconf 80' lang='grc' dir='ltr'><strong><em>καὶ</em></strong></span> <span class='ocrx_word' id='word_1_72' title='bbox 1515 1034 1592 1075; x_wconf 82' lang='grc' dir='ltr'><strong><em>σὺν</em></strong></span> 
     </span>
     <span class='ocr_line' id='line_1_11' title="bbox 205 1098 1589 1154; baseline 0.001 -14"><span class='ocrx_word' id='word_1_73' title='bbox 205 1098 404 1149; x_wconf 74' lang='grc' dir='ltr'><strong><em>ἐπαίνοις,</em></strong></span> <span class='ocrx_word' id='word_1_74' title='bbox 437 1099 514 1141; x_wconf 80' lang='grc' dir='ltr'><strong><em>οὐκ</em></strong></span> <span class='ocrx_word' id='word_1_75' title='bbox 544 1098 740 1154; x_wconf 81' lang='grc' dir='ltr'><strong><em>ἠγνόουν·</em></strong></span> <span class='ocrx_word' id='word_1_76' title='bbox 768 1104 850 1149; x_wconf 86' lang='grc' dir='ltr'><strong><em>τοῖς</em></strong></span> <span class='ocrx_word' id='word_1_77' title='bbox 882 1098 955 1153; x_wconf 80' lang='grc' dir='ltr'><strong><em>μὲν</em></strong></span> <span class='ocrx_word' id='word_1_78' title='bbox 986 1100 1061 1154; x_wconf 79' lang='grc' dir='ltr'><strong><em>γὰρ</em></strong></span> <span class='ocrx_word' id='word_1_79' title='bbox 1093 1099 1228 1150; x_wconf 74' lang='grc' dir='ltr'><strong><em>ἄλλοις</em></strong></span> <span class='ocrx_word' id='word_1_80' title='bbox 1262 1100 1427 1154; x_wconf 74' lang='grc' dir='ltr'><strong><em>ἥδιστον</em></strong></span> <span class='ocrx_word' id='word_1_81' title='bbox 1460 1101 1589 1154; x_wconf 86' lang='grc' dir='ltr'><strong><em>εὐφη-</em></strong></span> 
     </span>
     <span class='ocr_line' id='line_1_12' title="bbox 206 1165 1589 1222; baseline 0.001 -16"><span class='ocrx_word' id='word_1_82' title='bbox 206 1172 310 1218; x_wconf 82' lang='grc' dir='ltr'><strong><em>μιῶν</em></strong></span> <span class='ocrx_word' id='word_1_83' title='bbox 335 1167 559 1220; x_wconf 77' lang='grc' dir='ltr'><strong><em>τυγχάνειν,</em></strong></span> <span class='ocrx_word' id='word_1_84' title='bbox 586 1166 649 1208; x_wconf 85' lang='grc' dir='ltr'><strong><em>σοὶ</em></strong></span> <span class='ocrx_word' id='word_1_85' title='bbox 675 1165 718 1208; x_wconf 84' lang='grc' dir='ltr'><strong><em>δὲ</em></strong></span> <span class='ocrx_word' id='word_1_86' title='bbox 750 1167 807 1215; x_wconf 83' lang='grc' dir='ltr'><strong><em>εἰς</em></strong></span> <span class='ocrx_word' id='word_1_87' title='bbox 833 1165 899 1219; x_wconf 80' lang='grc' dir='ltr'><strong><em>ἐμὲ</em></strong></span> <span class='ocrx_word' id='word_1_88' title='bbox 932 1172 1121 1221; x_wconf 82' lang='grc' dir='ltr'><strong><em>χρῆσθαι.</em></strong></span> <span class='ocrx_word' id='word_1_89' title='bbox 1169 1171 1206 1208; x_wconf 84' lang='grc'><strong><em>2.</em></strong></span> <span class='ocrx_word' id='word_1_90' title='bbox 1233 1167 1328 1217; x_wconf 84' lang='grc' dir='ltr'><strong><em>τοὺς</em></strong></span> <span class='ocrx_word' id='word_1_91' title='bbox 1355 1166 1397 1208; x_wconf 82' lang='grc' dir='ltr'><strong><em>δὲ</em></strong></span> <span class='ocrx_word' id='word_1_92' title='bbox 1423 1166 1589 1222; x_wconf 75' lang='grc' dir='ltr'><strong><em>ἄνδρας,</em></strong></span> 
     </span>
     <span class='ocr_line' id='line_1_13' title="bbox 206 1228 1591 1292; baseline 0.002 -19"><span class='ocrx_word' id='word_1_93' title='bbox 206 1228 268 1282; x_wconf 80' lang='grc' dir='ltr'><strong><em>οἷς</em></strong></span> <span class='ocrx_word' id='word_1_94' title='bbox 300 1232 518 1287; x_wconf 79' lang='grc' dir='ltr'><strong><em>διειλέχθαι</em></strong></span> <span class='ocrx_word' id='word_1_95' title='bbox 548 1233 695 1288; x_wconf 83' lang='grc' dir='ltr'><strong><em>λέγεις,</em></strong></span> <span class='ocrx_word' id='word_1_96' title='bbox 726 1233 822 1287; x_wconf 89' lang='grc' dir='ltr'><strong><em>πρὶν</em></strong></span> <span class='ocrx_word' id='word_1_97' title='bbox 857 1232 908 1274; x_wconf 74' lang='grc' dir='ltr'><strong><em>ἂν</em></strong></span> <span class='ocrx_word' id='word_1_98' title='bbox 943 1235 1083 1292; x_wconf 83' lang='grc' dir='ltr'><strong><em>πείσῃς</em></strong></span> <span class='ocrx_word' id='word_1_99' title='bbox 1112 1239 1243 1288; x_wconf 81' lang='grc' dir='ltr'><strong><em>μισεῖν</em></strong></span> <span class='ocrx_word' id='word_1_100' title='bbox 1277 1234 1371 1284; x_wconf 81' lang='grc' dir='ltr'><strong><em>τοὺς</em></strong></span> <span class='ocrx_word' id='word_1_101' title='bbox 1405 1235 1591 1286; x_wconf 67' lang='grc' dir='ltr'><strong><em>κόλακας,</em></strong></span> 
     </span>
     <span class='ocr_line' id='line_1_14' title="bbox 206 1298 1590 1356; baseline 0.002 -16"><span class='ocrx_word' id='word_1_102' title='bbox 206 1298 397 1341; x_wconf 75' lang='grc' dir='ltr'><strong><em>οὐδέποτε</em></strong></span> <span class='ocrx_word' id='word_1_103' title='bbox 432 1301 580 1350; x_wconf 85' lang='grc' dir='ltr'><strong><em>πείσεις</em></strong></span> <span class='ocrx_word' id='word_1_104' title='bbox 615 1298 721 1354; x_wconf 67' lang='grc' dir='ltr'><strong><em>’ἡμᾶς</em></strong></span> <span class='ocrx_word' id='word_1_105' title='bbox 758 1303 908 1354; x_wconf 86' lang='grc' dir='ltr'><strong><em>φιλεῖν·</em></strong></span> <span class='ocrx_word' id='word_1_106' title='bbox 945 1301 1054 1341; x_wconf 85' lang='grc' dir='ltr'><strong><em>πάνυ</em></strong></span> <span class='ocrx_word' id='word_1_107' title='bbox 1087 1301 1163 1355; x_wconf 79' lang='grc' dir='ltr'><strong><em>γὰρ</em></strong></span> <span class='ocrx_word' id='word_1_108' title='bbox 1197 1300 1370 1354; x_wconf 80' lang='grc' dir='ltr'><strong><em>ἀμαθῶς</em></strong></span> <span class='ocrx_word' id='word_1_109' title='bbox 1408 1301 1483 1356; x_wconf 75' lang='grc' dir='ltr'><strong><em>ἔχω</em></strong></span> <span class='ocrx_word' id='word_1_110' title='bbox 1519 1309 1590 1343; x_wconf 84' lang='grc' dir='ltr'><strong><em>τοῦ</em></strong></span> 
     </span>
     <span class='ocr_line' id='line_1_15' title="bbox 204 1365 1589 1423; baseline 0.002 -16"><span class='ocrx_word' id='word_1_111' title='bbox 204 1367 455 1421; x_wconf 84' lang='grc' dir='ltr'><strong><em>πράγματος,</em></strong></span> <span class='ocrx_word' id='word_1_112' title='bbox 487 1365 610 1422; x_wconf 76' lang='grc' dir='ltr'><strong><em>ἕτεροι</em></strong></span> <span class='ocrx_word' id='word_1_113' title='bbox 644 1366 686 1408; x_wconf 84' lang='grc' dir='ltr'><strong><em>δὲ</em></strong></span> <span class='ocrx_word' id='word_1_114' title='bbox 717 1366 983 1422; x_wconf 78' lang='grc' dir='ltr'><strong><em>ἀριστεύουσι.</em></strong></span> <span class='ocrx_word' id='word_1_115' title='bbox 1037 1370 1075 1408; x_wconf 89' lang='grc'><strong><em>3.</em></strong></span> <span class='ocrx_word' id='word_1_116' title='bbox 1104 1368 1363 1423; x_wconf 86' lang='grc' dir='ltr'><strong><em>Παγκράτιον</em></strong></span> <span class='ocrx_word' id='word_1_117' title='bbox 1396 1367 1440 1409; x_wconf 82' lang='grc' dir='ltr'><strong><em>δὲ</em></strong></span> <span class='ocrx_word' id='word_1_118' title='bbox 1476 1367 1589 1410; x_wconf 81' lang='grc' dir='ltr'><strong><em>οὔπω</em></strong></span> 
     </span>
     <span class='ocr_line' id='line_1_16' title="bbox 206 1429 1588 1492; baseline 0.002 -19"><span class='ocrx_word' id='word_1_119' title='bbox 206 1431 280 1485; x_wconf 77' lang='grc' dir='ltr'><strong><em>μὲν</em></strong></span> <span class='ocrx_word' id='word_1_120' title='bbox 305 1429 429 1486; x_wconf 84' lang='grc' dir='ltr'><strong><em>εἶδον,</em></strong></span> <span class='ocrx_word' id='word_1_121' title='bbox 454 1433 614 1488; x_wconf 77' lang='grc' dir='ltr'><strong><em>ἀγαθὸν</em></strong></span> <span class='ocrx_word' id='word_1_122' title='bbox 640 1433 683 1475; x_wconf 78' lang='grc' dir='ltr'><strong><em>δὲ</em></strong></span> <span class='ocrx_word' id='word_1_123' title='bbox 709 1433 885 1489; x_wconf 83' lang='grc' dir='ltr'><strong><em>ἡγοῦμαι</em></strong></span> <span class='ocrx_word' id='word_1_124' title='bbox 904 1434 972 1475; x_wconf 78' lang='grc' dir='ltr'><strong><em>καὶ</em></strong></span> <span class='ocrx_word' id='word_1_125' title='bbox 991 1435 1145 1489; x_wconf 84' lang='grc' dir='ltr'><strong><em>γράψαι</em></strong></span> <span class='ocrx_word' id='word_1_126' title='bbox 1171 1435 1365 1490; x_wconf 85' lang='grc' dir='ltr'><strong><em>πρότερον</em></strong></span> <span class='ocrx_word' id='word_1_127' title='bbox 1391 1434 1507 1485; x_wconf 79' lang='grc' dir='ltr'><strong><em>ἀξιῶ·</em></strong></span> <span class='ocrx_word' id='word_1_128' title='bbox 1534 1440 1588 1492; x_wconf 83' lang='grc' dir='ltr'><strong><em>τῷ</em></strong></span> 
     </span>
     <span class='ocr_line' id='line_1_17' title="bbox 205 1498 1590 1557; baseline 0.002 -17"><span class='ocrx_word' id='word_1_129' title='bbox 205 1498 278 1552; x_wconf 83' lang='grc' dir='ltr'><strong><em>μὲν</em></strong></span> <span class='ocrx_word' id='word_1_130' title='bbox 303 1499 380 1556; x_wconf 82' lang='grc' dir='ltr'><strong><em>γὰρ</em></strong></span> <span class='ocrx_word' id='word_1_131' title='bbox 406 1499 526 1542; x_wconf 79' lang='grc' dir='ltr'><strong><em>οὐδὲν</em></strong></span> <span class='ocrx_word' id='word_1_132' title='bbox 551 1501 728 1557; x_wconf 85' lang='grc' dir='ltr'><strong><em>αἰσχρόν,</em></strong></span> <span class='ocrx_word' id='word_1_133' title='bbox 754 1500 843 1555; x_wconf 85' lang='grc' dir='ltr'><strong><em>ε’μοὶ</em></strong></span> <span class='ocrx_word' id='word_1_134' title='bbox 869 1500 913 1543; x_wconf 84' lang='grc' dir='ltr'><strong><em>δὲ</em></strong></span> <span class='ocrx_word' id='word_1_135' title='bbox 932 1502 1041 1554; x_wconf 83' lang='grc' dir='ltr'><strong><em>ἴσως,</em></strong></span> <span class='ocrx_word' id='word_1_136' title='bbox 1066 1502 1104 1542; x_wconf 85' lang='grc' dir='ltr'><strong><em>εἰ</em></strong></span> <span class='ocrx_word' id='word_1_137' title='bbox 1123 1502 1282 1555; x_wconf 79' lang='grc' dir='ltr'><strong><em>δόξαιμι</em></strong></span> <span class='ocrx_word' id='word_1_138' title='bbox 1303 1498 1357 1543; x_wconf 84' lang='grc' dir='ltr'><strong><em>δι’</em></strong></span> <span class='ocrx_word' id='word_1_139' title='bbox 1380 1502 1590 1556; x_wconf 73' lang='grc' dir='ltr'><strong><em>ἐπιστολῆς</em></strong></span> 
     </span>
     <span class='ocr_line' id='line_1_18' title="bbox 204 1565 1222 1628; baseline 0.002 -21"><span class='ocrx_word' id='word_1_140' title='bbox 204 1565 269 1607; x_wconf 79' lang='grc' dir='ltr'><strong><em>ἐπὶ</em></strong></span> <span class='ocrx_word' id='word_1_141' title='bbox 295 1568 494 1628; x_wconf 75' lang='grc' dir='ltr'><strong><em>προφάσει</em></strong></span> <span class='ocrx_word' id='word_1_142' title='bbox 519 1574 590 1608; x_wconf 87' lang='grc' dir='ltr'><strong><em>τοῦ</em></strong></span> <span class='ocrx_word' id='word_1_143' title='bbox 616 1572 847 1622; x_wconf 82' lang='grc' dir='ltr'><strong><em>προσειπεῖν</em></strong></span> <span class='ocrx_word' id='word_1_144' title='bbox 874 1568 1060 1623; x_wconf 80' lang='grc' dir='ltr'><strong><em>μαθητὰς</em></strong></span> <span class='ocrx_word' id='word_1_145' title='bbox 1085 1569 1222 1610; x_wconf 85' lang='grc' dir='ltr'><strong><em>αἰτεῖν.</em></strong></span> 
     </span>
    </p>
   </div>
   <div class='ocr_carea' id='block_1_5' title="bbox 202 1684 490 1692">
    <p class='ocr_par' dir='ltr' id='par_1_6' title="bbox 202 1684 490 1692">
     <span class='ocr_line' id='line_1_19' title="bbox 202 1684 490 1692; baseline 0 0"><span class='ocrx_word' id='word_1_146' title='bbox 202 1684 490 1692; x_wconf 95' lang='lat' dir='ltr'><strong><em> </em></strong></span> 
     </span>
    </p>
   </div>
   <div class='ocr_carea' id='block_1_6' title="bbox 278 1767 894 1816">
    <p class='ocr_par' dir='ltr' id='par_1_7' title="bbox 278 1767 894 1816">
     <span class='ocr_line' id='line_1_20' title="bbox 278 1767 894 1816; baseline 0.003 -13"><span class='ocrx_word' id='word_1_147' title='bbox 278 1772 300 1803; x_wconf 80' lang='lat'><strong>5</strong></span> <span class='ocrx_word' id='word_1_148' title='bbox 335 1769 402 1809; x_wconf 77' lang='lat' dir='ltr'><strong><em>Vn</em></strong></span> <span class='ocrx_word' id='word_1_149' title='bbox 426 1767 477 1812; x_wconf 85' lang='grc' dir='ltr'><strong><em>α’,</em></strong></span> <span class='ocrx_word' id='word_1_150' title='bbox 503 1768 576 1805; x_wconf 69' lang='grc' dir='ltr'><strong><em>ια’.</em></strong></span> <span class='ocrx_word' id='word_1_151' title='bbox 612 1770 663 1807; x_wconf 87' lang='lat' dir='ltr'><strong><em>Vo</em></strong></span> <span class='ocrx_word' id='word_1_152' title='bbox 690 1770 741 1816; x_wconf 83' lang='grc' dir='ltr'><strong><em>α’,</em></strong></span> <span class='ocrx_word' id='word_1_153' title='bbox 766 1769 820 1807; x_wconf 70' lang='grc' dir='ltr'><strong><em>θ’.</em></strong></span> <span class='ocrx_word' id='word_1_154' title='bbox 848 1783 894 1816; x_wconf 85' lang='lat' dir='ltr'><strong><em>pr</em></strong></span> 
     </span>
    </p>
   </div>
   <div class='ocr_carea' id='block_1_7' title="bbox 206 1881 494 1888">
    <p class='ocr_par' dir='ltr' id='par_1_8' title="bbox 206 1881 494 1888">
     <span class='ocr_line' id='line_1_21' title="bbox 206 1881 494 1888; baseline 0 1076"><span class='ocrx_word' id='word_1_155' title='bbox 206 1881 494 1888; x_wconf 95' lang='lat' dir='ltr'><strong><em> </em></strong></span> 
     </span>
    </p>
   </div>
   <div class='ocr_carea' id='block_1_8' title="bbox 205 1962 1585 2049">
    <p class='ocr_par' dir='ltr' id='par_1_9' title="bbox 205 1962 1585 2049">
     <span class='ocr_line' id='line_1_22' title="bbox 277 1962 1585 2010; baseline 0.002 -13"><span class='ocrx_word' id='word_1_156' title='bbox 277 1966 298 1997; x_wconf 78' lang='lat'><em>8</em></span> <span class='ocrx_word' id='word_1_157' title='bbox 325 1962 367 1998; x_wconf 90' lang='lat'><strong><em>11.</em></strong></span> <span class='ocrx_word' id='word_1_158' title='bbox 387 1976 409 1998; x_wconf 75' lang='grc' dir='ltr'>κ</span> <span class='ocrx_word' id='word_1_159' title='bbox 444 1967 512 1999; x_wconf 79' lang='lat'><strong><em>192</em></strong></span> <span class='ocrx_word' id='word_1_160' title='bbox 535 1966 542 2005; x_wconf 83' lang='grc' dir='ltr'>Ι</span> <span class='ocrx_word' id='word_1_161' title='bbox 564 1963 613 1999; x_wconf 86' lang='lat' dir='ltr'><strong><em>cf.</em></strong></span> <span class='ocrx_word' id='word_1_162' title='bbox 638 1975 696 2010; x_wconf 81' lang='lat' dir='ltr'><strong><em>ep.</em></strong></span> <span class='ocrx_word' id='word_1_163' title='bbox 732 1969 811 2001; x_wconf 80' lang='lat'>148.</span> <span class='ocrx_word' id='word_1_164' title='bbox 847 1964 967 2002; x_wconf 74' lang='lat' dir='ltr'><strong>Seeck</strong></span> <span class='ocrx_word' id='word_1_165' title='bbox 999 1967 1055 2000; x_wconf 77' lang='lat'><strong><em>43.</em></strong></span> <span class='ocrx_word' id='word_1_166' title='bbox 1095 1968 1164 2000; x_wconf 83' lang='lat'><strong><em>125</em></strong></span> <span class='ocrx_word' id='word_1_167' title='bbox 1264 1968 1285 2000; x_wconf 78' lang='lat'>6</span> <span class='ocrx_word' id='word_1_168' title='bbox 1313 1964 1434 2001; x_wconf 82' lang='lat' dir='ltr'>Seeck</span> <span class='ocrx_word' id='word_1_169' title='bbox 1463 1968 1532 2001; x_wconf 81' lang='lat'><strong><em>198</em></strong></span> <span class='ocrx_word' id='word_1_170' title='bbox 1559 1964 1585 1999; x_wconf 87' lang='grc' dir='ltr'><strong><em>Ι.</em></strong></span> 
     </span>
     <span class='ocr_line' id='line_1_23' title="bbox 205 2010 896 2049; baseline 0.006 -4"><span class='ocrx_word' id='word_1_171' title='bbox 205 2014 285 2046; x_wconf 79' lang='lat'><strong>352.</strong></span> <span class='ocrx_word' id='word_1_172' title='bbox 315 2010 485 2047; x_wconf 81' lang='lat' dir='ltr'><strong>Silomon</strong></span> <span class='ocrx_word' id='word_1_173' title='bbox 510 2015 556 2047; x_wconf 74' lang='lat'><strong><em>23</em></strong></span> <span class='ocrx_word' id='word_1_174' title='bbox 609 2015 653 2048; x_wconf 78' lang='lat'><strong><em>14</em></strong></span> <span class='ocrx_word' id='word_1_175' title='bbox 681 2012 798 2049; x_wconf 76' lang='lat' dir='ltr'>Seeck</span> <span class='ocrx_word' id='word_1_176' title='bbox 825 2017 896 2049; x_wconf 83' lang='lat'><strong><em>230</em></strong></span> 
     </span>
    </p>
   </div>
   <div class='ocr_carea' id='block_1_9' title="bbox 205 2122 486 2129">
    <p class='ocr_par' dir='ltr' id='par_1_10' title="bbox 205 2122 486 2129">
     <span class='ocr_line' id='line_1_24' title="bbox 205 2122 486 2129; baseline 0 0"><span class='ocrx_word' id='word_1_177' title='bbox 205 2122 486 2129; x_wconf 95' lang='lat' dir='ltr'><strong><em> </em></strong></span> 
     </span>
    </p>
   </div>
   <div class='ocr_carea' id='block_1_10' title="bbox 202 2204 1588 2545">
    <p class='ocr_par' dir='ltr' id='par_1_11' title="bbox 202 2204 1588 2545">
     <span class='ocr_line' id='line_1_25' title="bbox 279 2204 1587 2255; baseline 0.003 -15"><span class='ocrx_word' id='word_1_178' title='bbox 279 2209 298 2240; x_wconf 94' lang='lat'><strong>1</strong></span> <span class='ocrx_word' id='word_1_179' title='bbox 326 2204 476 2242; x_wconf 74' lang='grc' dir='ltr'><strong><em>ὥστε-</em></strong></span> <span class='ocrx_word' id='word_1_180' title='bbox 492 2210 514 2242; x_wconf 79' lang='lat'><strong>3</strong></span> <span class='ocrx_word' id='word_1_181' title='bbox 539 2204 653 2244; x_wconf 72' lang='grc' dir='ltr'><strong><em>τέκνα</em></strong></span> <span class='ocrx_word' id='word_1_182' title='bbox 680 2207 719 2243; x_wconf 87' lang='lat' dir='ltr'><strong><em>in</em></strong></span> <span class='ocrx_word' id='word_1_183' title='bbox 745 2219 852 2255; x_wconf 69' lang='lat' dir='ltr'>marg</span> <span class='ocrx_word' id='word_1_184' title='bbox 878 2208 907 2245; x_wconf 82' lang='lat' dir='ltr'><strong><em>S</em></strong></span> <span class='ocrx_word' id='word_1_185' title='bbox 932 2210 938 2253; x_wconf 91' lang='grc' dir='ltr'>Ι</span> <span class='ocrx_word' id='word_1_186' title='bbox 969 2208 1035 2244; x_wconf 76' lang='grc' dir='ltr'><strong><em>καὶ</em></strong></span> <span class='ocrx_word' id='word_1_187' title='bbox 1061 2209 1121 2244; x_wconf 85' lang='grc' dir='ltr'><strong><em>σοὶ</em></strong></span> <span class='ocrx_word' id='word_1_188' title='bbox 1145 2208 1282 2255; x_wconf 76' lang='lat' dir='ltr'><strong>scripsi</strong></span> <span class='ocrx_word' id='word_1_189' title='bbox 1320 2209 1380 2246; x_wconf 73' lang='grc' dir='ltr'><strong><em>σοὶ</em></strong></span> <span class='ocrx_word' id='word_1_190' title='bbox 1405 2208 1469 2245; x_wconf 71' lang='grc' dir='ltr'><strong><em>καὶ</em></strong></span> <span class='ocrx_word' id='word_1_191' title='bbox 1496 2207 1587 2244; x_wconf 78' lang='lat' dir='ltr'><strong>libri</strong></span> 
     </span>
     <span class='ocr_line' id='line_1_26' title="bbox 202 2253 1587 2303; baseline 0.002 -14"><span class='ocrx_word' id='word_1_192' title='bbox 202 2253 278 2289; x_wconf 77' lang='lat' dir='ltr'><strong><em>odd</em></strong></span> <span class='ocrx_word' id='word_1_193' title='bbox 353 2258 374 2289; x_wconf 83' lang='lat'>2</span> <span class='ocrx_word' id='word_1_194' title='bbox 401 2254 503 2291; x_wconf 78' lang='grc' dir='ltr'><strong><em>αὐτὼ</em></strong></span> <span class='ocrx_word' id='word_1_195' title='bbox 530 2255 665 2301; x_wconf 80' lang='lat' dir='ltr'><strong>scripsi</strong></span> <span class='ocrx_word' id='word_1_196' title='bbox 691 2267 712 2291; x_wconf 81' lang='lat' dir='ltr'><strong>e</strong></span> <span class='ocrx_word' id='word_1_197' title='bbox 746 2257 799 2293; x_wconf 88' lang='lat' dir='ltr'><strong><em>Vo</em></strong></span> <span class='ocrx_word' id='word_1_198' title='bbox 825 2256 892 2292; x_wconf 82' lang='lat' dir='ltr'><strong><em>sed</em></strong></span> <span class='ocrx_word' id='word_1_199' title='bbox 918 2257 947 2292; x_wconf 85' lang='grc' dir='ltr'>ὼ</span> <span class='ocrx_word' id='word_1_200' title='bbox 973 2262 1157 2292; x_wconf 67' lang='grc' dir='ltr'><strong><em>οιῶοοττ</em></strong></span> <span class='ocrx_word' id='word_1_201' title='bbox 1169 2256 1238 2303; x_wconf 74' lang='lat'>112²,</span> <span class='ocrx_word' id='word_1_202' title='bbox 1266 2257 1409 2294; x_wconf 75' lang='lat' dir='ltr'><strong><em>SVind</em></strong></span> <span class='ocrx_word' id='word_1_203' title='bbox 1444 2257 1587 2298; x_wconf 76' lang='grc' dir='ltr'><strong><em>αὐτοὺς</em></strong></span> 
     </span>
     <span class='ocr_line' id='line_1_27' title="bbox 211 2301 1586 2351; baseline 0.001 -13"><span class='ocrx_word' id='word_1_204' title='bbox 211 2301 336 2339; x_wconf 77' lang='lat' dir='ltr'><strong>Vedd</strong></span> <span class='ocrx_word' id='word_1_205' title='bbox 403 2306 426 2338; x_wconf 79' lang='lat'>4</span> <span class='ocrx_word' id='word_1_206' title='bbox 445 2302 536 2347; x_wconf 81' lang='grc' dir='ltr'><strong><em>ἄξια</em></strong></span> <span class='ocrx_word' id='word_1_207' title='bbox 555 2304 691 2350; x_wconf 79' lang='lat' dir='ltr'>scripsi</span> <span class='ocrx_word' id='word_1_208' title='bbox 718 2315 739 2340; x_wconf 78' lang='lat' dir='ltr'>e</span> <span class='ocrx_word' id='word_1_209' title='bbox 760 2305 814 2341; x_wconf 86' lang='lat' dir='ltr'><strong><em>Vo</em></strong></span> <span class='ocrx_word' id='word_1_210' title='bbox 856 2304 966 2349; x_wconf 75' lang='grc' dir='ltr'><strong><em>ἄξιον</em></strong></span> <span class='ocrx_word' id='word_1_211' title='bbox 1001 2304 1068 2341; x_wconf 83' lang='lat' dir='ltr'><strong><em>VS</em></strong></span> <span class='ocrx_word' id='word_1_212' title='bbox 1090 2304 1158 2341; x_wconf 77' lang='lat' dir='ltr'><strong><em>sed</em></strong></span> <span class='ocrx_word' id='word_1_213' title='bbox 1183 2305 1223 2340; x_wconf 87' lang='lat' dir='ltr'><strong><em>in</em></strong></span> <span class='ocrx_word' id='word_1_214' title='bbox 1251 2305 1323 2342; x_wconf 84' lang='lat' dir='ltr'><strong><em>hoc</em></strong></span> <span class='ocrx_word' id='word_1_215' title='bbox 1349 2320 1374 2341; x_wconf 84' lang='grc' dir='ltr'><strong><em>α</em></strong></span> <span class='ocrx_word' id='word_1_216' title='bbox 1400 2316 1586 2351; x_wconf 76' lang='lat' dir='ltr'><strong>suprascr,</strong></span> 
     </span>
     <span class='ocr_line' id='line_1_28' title="bbox 213 2350 1515 2398; baseline 0.003 -13"><span class='ocrx_word' id='word_1_217' title='bbox 213 2351 311 2390; x_wconf 71' lang='lat' dir='ltr'><strong><em>Vina</em></strong></span> <span class='ocrx_word' id='word_1_218' title='bbox 345 2350 419 2387; x_wconf 75' lang='lat' dir='ltr'><strong><em>edd</em></strong></span> <span class='ocrx_word' id='word_1_219' title='bbox 494 2356 516 2388; x_wconf 78' lang='lat'>9</span> <span class='ocrx_word' id='word_1_220' title='bbox 551 2352 810 2398; x_wconf 73' lang='grc' dir='ltr'><strong><em>μεμνήσεσθαι</em></strong></span> <span class='ocrx_word' id='word_1_221' title='bbox 854 2353 890 2389; x_wconf 93' lang='lat' dir='ltr'><strong><em>V</em></strong></span> <span class='ocrx_word' id='word_1_222' title='bbox 919 2353 986 2389; x_wconf 84' lang='lat' dir='ltr'><strong><em>sed</em></strong></span> <span class='ocrx_word' id='word_1_223' title='bbox 1021 2364 1060 2390; x_wconf 80' lang='grc' dir='ltr'><strong><em>σε</em></strong></span> <span class='ocrx_word' id='word_1_224' title='bbox 1101 2353 1142 2389; x_wconf 87' lang='lat' dir='ltr'><strong><em>in</em></strong></span> <span class='ocrx_word' id='word_1_225' title='bbox 1186 2365 1249 2390; x_wconf 74' lang='lat' dir='ltr'><strong><em>ras</em></strong></span> <span class='ocrx_word' id='word_1_226' title='bbox 1291 2353 1413 2391; x_wconf 76' lang='lat' dir='ltr'><strong>restit.</strong></span> <span class='ocrx_word' id='word_1_227' title='bbox 1458 2353 1515 2389; x_wconf 85' lang='lat' dir='ltr'><strong><em>m²</em></strong></span> 
     </span>
     <span class='ocr_line' id='line_1_29' title="bbox 204 2399 1587 2450; baseline 0.002 -16"><span class='ocrx_word' id='word_1_228' title='bbox 204 2403 246 2434; x_wconf 90' lang='grc'><strong><em>11</em></strong></span> <span class='ocrx_word' id='word_1_229' title='bbox 288 2399 389 2446; x_wconf 79' lang='grc' dir='ltr'>δὲ(2)</span> <span class='ocrx_word' id='word_1_230' title='bbox 420 2400 524 2436; x_wconf 82' lang='lat' dir='ltr'><strong>inser</strong></span> <span class='ocrx_word' id='word_1_231' title='bbox 561 2400 644 2446; x_wconf 85' lang='lat' dir='ltr'><em>Vo²‚</em></span> <span class='ocrx_word' id='word_1_232' title='bbox 688 2402 776 2448; x_wconf 79' lang='lat' dir='ltr'><strong>post</strong></span> <span class='ocrx_word' id='word_1_233' title='bbox 813 2401 961 2447; x_wconf 68' lang='grc' dir='ltr'><strong><em>ἄνδρας</em></strong></span> <span class='ocrx_word' id='word_1_234' title='bbox 992 2402 1066 2438; x_wconf 82' lang='lat' dir='ltr'><strong><em>edd</em></strong></span> <span class='ocrx_word' id='word_1_235' title='bbox 1138 2406 1181 2437; x_wconf 81' lang='grc'><strong><em>12</em></strong></span> <span class='ocrx_word' id='word_1_236' title='bbox 1209 2401 1412 2450; x_wconf 73' lang='grc' dir='ltr'><strong><em>διηλέχθαι</em></strong></span> <span class='ocrx_word' id='word_1_237' title='bbox 1439 2403 1492 2439; x_wconf 91' lang='lat' dir='ltr'><strong><em>Vo</em></strong></span> <span class='ocrx_word' id='word_1_238' title='bbox 1519 2401 1587 2438; x_wconf 83' lang='lat' dir='ltr'><strong><em>sed</em></strong></span> 
     </span>
     <span class='ocr_line' id='line_1_30' title="bbox 202 2447 1588 2498; baseline 0.001 -15"><span class='ocrx_word' id='word_1_239' title='bbox 202 2461 226 2493; x_wconf 88' lang='grc' dir='ltr'>η</span> <span class='ocrx_word' id='word_1_240' title='bbox 252 2447 293 2483; x_wconf 84' lang='lat' dir='ltr'><strong><em>in</em></strong></span> <span class='ocrx_word' id='word_1_241' title='bbox 318 2460 352 2483; x_wconf 88' lang='grc' dir='ltr'><strong><em>ει</em></strong></span> <span class='ocrx_word' id='word_1_242' title='bbox 377 2458 461 2484; x_wconf 82' lang='lat' dir='ltr'>corr</span> <span class='ocrx_word' id='word_1_243' title='bbox 484 2447 542 2483; x_wconf 85' lang='lat' dir='ltr'><strong><em>m²</em></strong></span> <span class='ocrx_word' id='word_1_244' title='bbox 563 2449 569 2496; x_wconf 83' lang='grc' dir='ltr'>Ι</span> <span class='ocrx_word' id='word_1_245' title='bbox 591 2449 637 2485; x_wconf 78' lang='grc' dir='ltr'><strong><em>οὐ</em></strong></span> <span class='ocrx_word' id='word_1_246' title='bbox 657 2451 747 2486; x_wconf 69' lang='lat' dir='ltr'><strong><em>ante</em></strong></span> <span class='ocrx_word' id='word_1_247' title='bbox 773 2451 864 2494; x_wconf 79' lang='grc' dir='ltr'><strong><em>πρὶν</em></strong></span> <span class='ocrx_word' id='word_1_248' title='bbox 889 2450 992 2486; x_wconf 75' lang='lat' dir='ltr'><strong>inser</strong></span> <span class='ocrx_word' id='word_1_249' title='bbox 1024 2449 1096 2487; x_wconf 81' lang='lat' dir='ltr'><strong><em>Vo⁸</em></strong></span> <span class='ocrx_word' id='word_1_250' title='bbox 1173 2454 1218 2486; x_wconf 84' lang='grc'><strong><em>17</em></strong></span> <span class='ocrx_word' id='word_1_251' title='bbox 1245 2450 1424 2498; x_wconf 73' lang='grc' dir='ltr'><strong><em>μαθητὰς</em></strong></span> <span class='ocrx_word' id='word_1_252' title='bbox 1450 2449 1588 2496; x_wconf 76' lang='lat' dir='ltr'><strong>scripsi</strong></span> 
     </span>
     <span class='ocr_line' id='line_1_31' title="bbox 202 2496 1190 2545; baseline 0.003 -14"><span class='ocrx_word' id='word_1_253' title='bbox 202 2506 222 2531; x_wconf 88' lang='lat' dir='ltr'>e</span> <span class='ocrx_word' id='word_1_254' title='bbox 258 2496 293 2531; x_wconf 78' lang='lat' dir='ltr'><em>V</em></span> <span class='ocrx_word' id='word_1_255' title='bbox 313 2496 492 2543; x_wconf 76' lang='grc' dir='ltr'><strong><em>μαθητὴν</em></strong></span> <span class='ocrx_word' id='word_1_256' title='bbox 527 2498 578 2534; x_wconf 87' lang='lat' dir='ltr'><strong><em>Vo</em></strong></span> <span class='ocrx_word' id='word_1_257' title='bbox 605 2497 671 2533; x_wconf 85' lang='lat' dir='ltr'><strong><em>sed</em></strong></span> <span class='ocrx_word' id='word_1_258' title='bbox 698 2512 746 2545; x_wconf 83' lang='grc' dir='ltr'><strong><em>ην</em></strong></span> <span class='ocrx_word' id='word_1_259' title='bbox 773 2509 818 2534; x_wconf 78' lang='lat'><strong><em>01</em></strong></span> <span class='ocrx_word' id='word_1_260' title='bbox 844 2497 888 2544; x_wconf 79' lang='grc' dir='ltr'><strong><em>ὴς</em></strong></span> <span class='ocrx_word' id='word_1_261' title='bbox 913 2509 995 2534; x_wconf 84' lang='lat' dir='ltr'><strong>corr</strong></span> <span class='ocrx_word' id='word_1_262' title='bbox 1021 2499 1087 2543; x_wconf 70' lang='grc' dir='ltr'><strong><em>ιη’,</em></strong></span> <span class='ocrx_word' id='word_1_263' title='bbox 1115 2498 1190 2536; x_wconf 88' lang='lat' dir='ltr'><strong><em>edd</em></strong></span> 
     </span>
    </p>
   </div>
   <div class='ocr_carea' id='block_1_11' title="bbox 1632 832 1647 856">
    <p class='ocr_par' dir='ltr' id='par_1_12' title="bbox 1632 832 1647 856">
     <span class='ocr_line' id='line_1_32' title="bbox 1632 832 1647 856; baseline 0 0"><span class='ocrx_word' id='word_1_264' title='bbox 1632 832 1647 856; x_wconf 77' lang='lat'><strong>6</strong></span> 
     </span>
    </p>
   </div>
   <div class='ocr_carea' id='block_1_12' title="bbox 1613 1112 1648 1137">
    <p class='ocr_par' dir='ltr' id='par_1_13' title="bbox 1613 1112 1648 1137">
     <span class='ocr_line' id='line_1_33' title="bbox 1613 1112 1648 1137; baseline 0 0"><span class='ocrx_word' id='word_1_265' title='bbox 1613 1112 1648 1137; x_wconf 80' lang='lat'><strong><em>10</em></strong></span> 
     </span>
    </p>
   </div>
   <div class='ocr_carea' id='block_1_13' title="bbox 1612 1447 1645 1473">
    <p class='ocr_par' dir='ltr' id='par_1_14' title="bbox 1612 1447 1645 1473">
     <span class='ocr_line' id='line_1_34' title="bbox 1612 1447 1645 1473; baseline 0 0"><span class='ocrx_word' id='word_1_266' title='bbox 1612 1447 1645 1473; x_wconf 81' lang='lat'><strong><em>15</em></strong></span> 
     </span>
    </p>
   </div>
  </div>
 </body>
</html>
