1806 2964
624 240 892 278 EPISTULAE
919 243 1111 276 soa-306
1208 255 1210 257 ·
1471 239 1560 283 285

839 363 902 406 τε’.
1415 401 1417 403 μ
1487 370 1535 406 W
1563 374 1634 407 808

690 450 886 507 Πάππφ.
918 453 1052 497 (3613)

245 538 283 576 1.
299 531 379 576 “Eu
404 534 583 576 αἰτοῦντι
609 535 684 576 δύο
708 533 937 588 πέπομφας.
967 535 1008 575 τί
1029 540 1167 583 vom-03
1192 533 1362 586 πότερον
1379 532 1461 575 ὑπὸ
1486 538 1559 574 τοῦ

181 602 328 652 παιδὸς
358 601 639 655 ἐξηπατήθης,
671 599 732 642 ὅτι
763 601 930 654 δεοίμην
962 601 1094 654 δυοῖν,
1120 599 1147 654 ἢ
1175 600 1334 650 διδάξαι
1364 599 1435 641 τὸν
1466 598 1559 640 υἱὸν

181 667 334 710 ἐθέλων
359 662 418 708 ὧν
447 667 637 720 αἰτηθείη
663 666 822 708 διδόναι
852 667 974 708 πλείω
1007 667 1081 708 δύο
1108 666 1292 720 ἔπεμψας
1315 663 1417 706 ἀνθ’
1446 664 1556 714 ἕνός;
1596 680 1613 707 5

181 729 269 776 ἀλλ’
301 733 377 775 εἴτε
408 732 560 782 ἐκεῖνος
586 731 782 786 ἠπάτησε,
813 733 1033 787 φιλολόγου
1065 732 1108 775 τὸ
1134 734 1285 784 πάθος,
1319 732 1394 773 εἴτε
1426 731 1499 772 σὸν
1530 728 1556 783 ἡ

181 799 422 855 προσθήκη,
451 798 602 853 πατρὸς
627 796 653 851 ἡ
680 799 889 840 νουθεσία.
936 802 975 839 2.
1000 798 1071 840 τὸν
1103 797 1146 840 δὲ
1184 797 1363 853 ἄργυρον
1393 795 1442 839 ὃν
1474 800 1559 846 τοῖς

180 864 319 920 ἄκροις
349 864 591 918 περιήλασας
620 864 876 918 ἐμεμψάμην.
909 863 1000 906 οὔτε
1023 864 1099 920 γὰρ
1126 861 1190 905 ἐπ’
1220 863 1370 919 ἀγορᾶς
1395 864 1558 917 χρησαί-

183 948 266 986 μην
289 930 342 972 ἂν
366 935 450 980 τοῖς
475 925 553 971 ὧδε
577 930 962 983 κεκαλλωπισμένοις
993 931 1279 984 ἀποκοσμῆσαί
1306 946 1346 972 τε
1377 929 1424 971 τὰ
1448 928 1558 981 παρὰ

181 1004 257 1040 σοῦ
293 998 404 1053 δῶρα
441 997 599 1038 δίκαιον
642 997 718 1038 οὐκ
754 997 894 1038 ἐδόκει.
952 996 1060 1050 μένει
1103 998 1243 1037 τοίνυν
1277 997 1369 1037 εἴσω
1403 1001 1557 1050 θυρῶν.
1578 1011 1614 1037 ιο

186 1066 223 1105 3.
249 1063 516 1116 παρακλήσεις
541 1061 585 1103 δὲ
603 1063 705 1116 πρὸς
730 1060 835 1116 ἡμᾶς
863 1061 961 1118 ὑπὲρ
986 1063 1191 1116 Εὐσεβίου
1223 1063 1464 1115 ποιούμενος
1489 1061 1557 1102 καὶ

182 1126 280 1185 παρ’
308 1127 425 1183 ἡμῶν
452 1128 547 1177 ἴσως
572 1128 693 1178 αὐτὸς
717 1128 900 1178 ἀξιώσεις
931 1128 1031 1182 ὑπὲρ
1062 1129 1188 1170 αὐτοῦ
1223 1129 1421 1182 δέχεσθαι.
1454 1128 1491 1168 εἰ
1515 1122 1552 1168 δ’

181 1196 310 1237 ἐκεῖνο
335 1195 456 1249 λόγον
481 1195 556 1235 οὐκ
580 1193 633 1235 ἂν
657 1195 752 1249 ἔχοι,
778 1193 879 1248 μηδὲ
904 1201 1021 1236 τοῦτο
1050 1196 1192 1248 νόμιζε.

841 1337 909 1386 τς’.
1481 1344 1531 1379 W
1558 1347 1629 1380 309

652 1424 907 1481 Γεροντίῳ.
940 1427 1074 1471 (3619)
1576 1435 1611 1463 ιε

246 1513 283 1550 1.
309 1507 454 1563 Σὲβων
478 1511 651 1563 Κρητῶν
677 1506 750 1561 μὲν
785 1507 1079 1562 εὐγενέστατος,
1099 1504 1305 1561 Ἑλλήνων
1337 1506 1380 1549 δὲ
1411 1522 1556 1562 γνωρι-

183 1576 376 1628 μώτατος,
401 1573 500 1628 ἡμῖν
526 1573 569 1615 δὲ
594 1573 756 1627 ἀνδρῶν
783 1575 982 1627 φίλτατος,
1013 1581 1156 1616 τοῦτον
1180 1573 1428 1628 ἀποδράντες
1452 1571 1556 1613 οἰκέ-

182 1658 246 1684 ται
265 1641 332 1683 καὶ
362 1641 603 1696 καταφυγὴν
633 1639 837 1696 ἀρκοῦσαν
867 1642 1103 1693 νομίσαντες
1122 1637 1360 1694 Ὀνήσιμον,
1390 1638 1555 1692 ἅνθρω-

181 1723 262 1750 πον
294 1707 499 1760 πονηρόν,
529 1707 669 1762 Σύρον
693 1706 884 1761 ἔμπορον,
912 1707 961 1748 οὐ
993 1706 1282 1748 λανθάνουσιν.
1327 1709 1367 1746 2.
1392 1705 1556 1752 Εὔοδος

256 1841 275 1872 1
310 1837 378 1873 VH
400 1836 449 1881 α’,
475 1834 567 1879 σπζ.
603 1836 657 1871 Va
683 1834 728 1882 γ’,
754 1834 822 1881 ργ’.
856 1835 909 1871 Vo
929 1834 976 1880 γ’,
1001 1834 1070 1881 ργ’.
1097 1835 1127 1871 S
1149 1834 1190 1879 ε’,
1217 1834 1290 1881 λη’.
1318 1835 1358 1871 D
1383 1843 1421 1879 ρῑ

186 1889 229 1920 14
261 1884 330 1921 VII
352 1883 402 1927 α’,
428 1884 526 1929 σπη’.
561 1884 616 1934 Va
641 1882 687 1930 γ’,
713 1884 782 1928 (ιδ’.
817 1883 869 1919 Vo
894 1882 941 1930 γ’,
967 1882 1038 1928 ριΥ.
1065 1884 1102 1919 Α.
1127 1884 1203 1932 [θ]

255 2008 278 2039 2
305 2003 452 2040 Sievers
481 2006 550 2039 125
576 2004 654 2040 nob.
677 2007 709 2039 1.
736 2002 855 2039 Seeck
881 2006 964 2039 231.
998 2005 1078 2039 378.
1112 2002 1280 2039 Silomon
1300 2006 1346 2038 47
1409 2006 1430 2038 9
1457 2002 1499 2039 of
1525 2004 1553 2039 t.

184 2051 237 2087 111
255 2055 314 2095 99,
329 2055 374 2087 16
450 2055 493 2087 11
521 2051 568 2087 cf.
589 2062 648 2097 ep.
669 2054 726 2087 89.
748 2054 829 2088 355.
852 2054 933 2086 737.
961 2050 1079 2087 Seeck
1101 2054 1169 2086 142
1249 2055 1293 2086 15
1320 2051 1366 2087 cf.
1387 2061 1450 2097 ep.
1469 2054 1555 2088 291.

184 2099 303 2136 Seeck
329 2103 407 2135 163.
435 2102 518 2135 378.
544 2098 713 2135 Silomon
738 2102 784 2134 47
861 2103 904 2134 16
931 2099 979 2135 ef.
999 2110 1057 2146 ep.
1080 2102 1149 2135 192

255 2223 278 2255 4
303 2223 410 2257 δυεῖν
435 2220 493 2255 Va
565 2223 588 2255 8
608 2217 667 2255 ἐπ’
683 2218 826 2265 ἀγορᾶς
844 2219 979 2265 scripsi
1002 2218 1087 2255 coll.
1108 2229 1166 2264 ep.
1188 2222 1268 2254 213.
1290 2221 1373 2254 298.
1393 2222 1486 2255 1257
1511 2219 1555 2256 ἐν

185 2268 343 2314 ἀγοραῖς
366 2267 457 2303 libri
476 2267 585 2303 Wolf
602 2269 608 2313 Ι
630 2265 840 2314 χρησαίμην
866 2265 916 2303 ἂν
940 2273 1019 2309 τοῖς
1046 2268 1097 2303 Vo
1122 2267 1187 2303 sed
1214 2267 1254 2302 in
1273 2265 1324 2303 ἂν
1340 2265 1554 2314 χρησαίμην

185 2315 313 2357 αὐτοῖς
332 2326 415 2352 corr
440 2315 496 2350 ιιι*
550 2318 572 2350 9
602 2328 643 2351 τε
668 2315 808 2351 inserui
827 2325 849 2351 e
868 2314 975 2351 libris
1000 2317 1045 2351 ut
1063 2315 1307 2351 inserendum
1337 2315 1424 2350 coni
1453 2315 1558 2351 Wolf

184 2364 225 2400 ot
240 2363 294 2400 Re
337 2375 398 2399 om
409 2362 519 2399 Wolf
577 2366 622 2399 10
641 2362 711 2399 ἔσω
732 2363 772 2399 D
834 2366 877 2398 11
900 2364 998 2409 ἡμᾶς
1015 2363 1169 2409 toposui
1188 2374 1210 2399 o
1228 2362 1337 2399 libris
1374 2363 1437 2409 ἐμὲ
1452 2362 1559 2400 Wolf

235 2415 280 2447 12
305 2412 430 2448 αὐτῶν
450 2412 490 2447 D
565 2415 609 2446 13
635 2410 684 2457 μὴ
704 2411 747 2448 δὲ
768 2410 824 2446 Va
834 2412 933 2449 VoD
1004 2415 1046 2447 19
1065 2409 1248 2458 πονηρόν,
1268 2411 1399 2456 Σύρον
1418 2411 1554 2457 scripsi

185 2469 232 2514 px
251 2460 287 2496 A
325 2459 452 2543 agevat,
476 2459 648 2543 uoqmfioev
675 2460 729 2495 Va
739 2459 792 2495 Vo
812 2458 920 2495 Wolf
956 2459 1074 2503 σῦρον
1097 2459 1270 2505 πονηρὸν
1295 2459 1354 2507 V!
1376 2458 1555 2508 εὔβουλος

184 2518 226 2542 ιιι
249 2517 311 2542 ras
410 2517 431 2543 e
473 2517 560 2543 com
