1806 2964
651 212 922 250 EPISTULAE
948 216 1092 250 88--89
1216 208 1218 210 ’
1505 212 1563 255 89

833 323 919 368 ποί
1297 333 1348 370 w
1373 337 1418 370 ετ
1445 332 1557 379 (cent
1577 335 1640 374 53)

678 411 935 469 Φιλαγρίῳ.
968 421 1078 465 (359)

249 501 286 539 1.
305 493 500 550 ’Ἆσμενος
531 495 729 550 ἐδεξάμην
754 508 828 537 σου
860 496 955 545 τοὺς
992 497 1103 546 υἰεῖς.
1154 497 1195 537 τί
1223 494 1267 538 δὲ
1298 495 1374 537 οὐκ
1404 495 1566 550 ἔμελλον

188 562 263 613 οὓς
286 562 354 605 καὶ
378 562 555 616 ἐμαυτοῦ
581 563 749 616 νομίζως
776 562 864 616 περὶ
891 561 934 604 δὲ
966 570 1038 617 τῆς
1061 561 1257 619 προτέρας
1281 563 1434 616 βουλῆς
1458 560 1566 616 ἄμει-

187 645 262 671 νον
295 636 412 684 σιγᾶν
442 627 469 682 ἢ
503 631 698 682 ζητοῦντα
734 628 1068 684 ἀπολογήσασθαι
1106 627 1234 683 μηδὲν
1267 628 1370 684 ἔχειν
1403 628 1568 684 ἰσχυρὸν

186 697 324 738 εἰπεῖν.
362 695 429 737 καὶ
461 696 536 751 γὰρ
569 695 606 736 εἰ
635 695 862 745 δεινότατος
899 696 949 737 σύ
987 711 1031 751 γε
1068 702 1289 749 σοφιστῶν,
1321 694 1421 736 ἀλλὰ
1446 695 1494 736 τά
1524 711 1568 750 γε

187 762 272 818 τρὶς
297 761 460 815 τέτταρα
484 762 653 813 δώδεκα,
684 760 761 803 κᾶν
789 762 1007 818 Φιλάγριος
1031 760 1126 804 ἄλλο
1152 778 1190 803 τι
1207 761 1298 816 περὶ
1322 761 1458 803 αὐτῶν
1482 760 1567 803 ἐπι-

188 835 298 886 χειρῇ
324 827 463 884 λέγειν.
504 831 542 869 2.
568 826 591 869 ὃ
617 827 752 882 μέντοι
777 827 927 869 παθὼν
952 825 1044 870 οἶδα
1075 828 1144 870 διὰ
1174 829 1218 870 τὸ
1250 829 1324 871 σὸν
1349 828 1569 882 βούλευμα,

193 895 336 951 φράσω
361 894 428 936 καὶ
453 895 528 937 οὐκ
553 894 846 949 ἀποκρύψομαι
869 895 970 950 πρὸς
996 896 1129 947 φίλον.
1160 895 1236 950 ἐγὼ
1255 894 1374 945 νέους
1393 896 1568 950 φεύγον-

192 978 262 1012 τας
287 961 543 1003 οὐδεπώποτε
567 960 731 1011 ἐδίωξα,
763 959 858 1003 οὐδὲ
882 961 958 1016 γὰρ
982 962 1053 1011 τὰς
1077 963 1231 1016 κρήνας
1256 961 1392 1016 ἐώρων
1417 961 1570 1016 χωρού-

190 1040 262 1077 σας
296 1027 406 1083 παρὰ
441 1028 535 1077 τοὺς
565 1024 784 1086 χρῄζοντας
821 1033 948 1081 πιεῖν,
980 1024 1068 1069 ἀλλ’
1103 1026 1215 1085 ᾤμην
1252 1029 1338 1070 δεῖν
1374 1033 1458 1077 τοῖς
1497 1026 1571 1081 μὲν

190 1101 430 1150 προσιοῦσιν
455 1092 620 1136 εὔνοιαν
646 1092 896 1148 ὀφείλεσθαι,
921 1099 1004 1144 τοῖς
1031 1092 1069 1135 δ’
1094 1094 1316 1150 ὑπερορῶσι
1340 1091 1449 1137 τοῦτ’
1472 1094 1570 1136 αὐτὸ

192 1160 481 1216 ὑπερορᾶσθαι.
523 1164 560 1202 3.
586 1159 655 1202 καὶ
681 1160 733 1214 δὴ
758 1161 826 1202 καὶ
857 1161 924 1202 διὰ
948 1169 1065 1203 τοῦτο
1097 1161 1195 1211 δόξα
1221 1177 1289 1215 μοι
1314 1161 1491 1217 γέγονεν,
1517 1159 1572 1210 ὥς

191 1229 281 1281 εἴην
313 1228 568 1282 σεμνότερος,
602 1228 663 1269 ὅτι
694 1227 821 1282 μηδὲν
852 1227 1052 1281 ὑπέμενον
1082 1228 1284 1269 ταπεινόν.
1324 1235 1405 1269 τῶν
1437 1227 1572 1281 μέντοι

193 1296 353 1336 παίδων
378 1293 433 1344 ὥς
457 1293 592 1349 ἕτερον
616 1293 879 1350 τραπομένων
903 1301 983 1335 τῶν
1004 1301 1087 1336 σῶν
1105 1295 1316 1349 δηχθῆναί
1330 1310 1370 1335 τε
1390 1293 1571 1350 ὁμολογῶ
1611 1310 1628 1334 ‘³

194 1360 263 1402 καὶ
287 1363 548 1415 βουληθῆναι
570 1361 721 1415 ταύτην
740 1365 967 1415 κινηθῆναι
986 1361 1060 1414 τὴν
1079 1367 1241 1414 ψῆφον,
1259 1361 1391 1402 καίτοι
1409 1362 1573 1411 πλείους

196 1423 300 1479 ἦσαν
325 1428 369 1468 οἱ
390 1434 461 1480 τῆς
487 1434 560 1480 σῆς
582 1426 944 1482 ἐπιλαμβανόμενοι
962 1428 1126 1482 γνώμης
1151 1426 1178 1481 ἢ
1199 1428 1242 1468 οἱ
1256 1434 1327 1481 τῆς
1351 1426 1451 1481 ἐμῆς
1469 1427 1574 1481 ἀμα-

197 1594 212 1641 [
243 1549 295 1641 ὁ1]
323 1545 395 1584 V11
423 1544 474 1590 α’,
506 1544 550 1581 ο’.
585 1545 638 1581 Vo
670 1543 720 1589 α’,
746 1544 815 1585 ος’.
842 1544 872 1581 S
901 1543 949 1589 δ’,
980 1543 1051 1592 ιβ’.
1085 1545 1134 1580 Vi
1165 1543 1233 1590 ρν’.
1268 1545 1368 1581 Vind
1399 1543 1484 1590 ρξε’.
1518 1545 1575 1581 Βε

212 1605 241 1629 π
299 1605 378 1639 ,pr

274 1717 295 1748 2
323 1713 442 1749 Seeck
469 1717 550 1750 23⁹1.
579 1717 661 1749 359.
689 1713 857 1749 Silomon
885 1717 931 1749 30
1027 1718 1071 1749 10
1098 1713 1145 1750 cf.
1167 1714 1216 1750 ad
1242 1713 1323 1750 t.11
1350 1717 1492 1757 395,17

199 1761 412 1806 Salzmann,
438 1761 713 1808 Sprichworter
738 1766 784 1798 90

275 1886 296 1917 2
325 1882 515 1932 Φιλαγρίῳ
541 1883 697 1920 cultello
717 1883 964 1930 absumptum
985 1885 1041 1920 Be
1103 1888 1125 1920 3
1152 1882 1191 1922 δ’
1214 1884 1289 1920 edd
1352 1889 1374 1920 ὅ
1394 1861 1577 1931 ζηλοῦντα

210 1931 309 1967 vind
343 1933 349 1977 Ι
384 1931 538 1978 ἰσχυρὸν
564 1931 664 1980 ἔχειν
690 1932 792 1969 Vind
818 1931 927 1968 Wolf
948 1931 1043 1968 Ceut
1124 1936 1145 1968 6
1170 1938 1246 1968 τῶν
1271 1934 1361 1969 ante
1387 1939 1577 1979 σοφιστῶν

201 1978 313 2015 Wolf
384 1983 403 2014 ‘1
430 1986 530 2025 τρεῖς
555 1981 655 2017 Viml
677 1984 682 2025 Ι
706 1980 888 2027 ἐπιχειρεῖ
912 1981 960 2016 Vi
1032 1984 1054 2015 8
1081 1981 1253 2029 βούλημα
1278 1981 1388 2017 Wolf
1409 1981 1506 2018 Ceut

205 2031 250 2063 10
275 2026 365 2063 οὐδὲ
385 2028 537 2064 πώποτε
565 2029 602 2065 V
619 2029 687 2065 sed
706 2029 745 2065 in
766 2029 1011 2065 οὐδεπώποτε
1030 2040 1114 2066 corr
1132 2029 1201 2072 m‘,
1228 2030 1280 2066 Vo
1294 2030 1342 2067 Vi
1422 2034 1466 2065 11
1488 2028 1578 2078 χρή-

202 2077 336 2119 ζοντας
359 2074 446 2111 libri
474 2076 549 2112 edd
588 2078 594 2122 Ι
629 2078 691 2113 δεῖ
712 2078 771 2113 Be
803 2078 809 2122 Ι
843 2077 912 2123 μὲν
938 2088 1000 2113 om
1027 2078 1073 2114 Vi
1148 2081 1192 2112 12
1216 2083 1328 2114 τοῦτο
1355 2078 1508 2115 VoSBe
1533 2090 1579 2125 pr

209 2123 315 2159 Wolf
415 2127 459 2160 13
486 2126 664 2162 διατοῢτο
692 2126 790 2162 VVo
805 2125 905 2162 Vina
1011 2130 1055 2161 14
1082 2124 1265 2171 ὑπέμεινα
1293 2126 1340 2162 Vi
1432 2130 1477 2163 15
1502 2131 1580 2163 τῶν

205 2176 280 2207 σῶν
306 2172 447 2208 inserui
473 2184 494 2208 e
521 2174 615 2209 VBe
640 2185 702 2210 om
729 2174 929 2211 VoSVind
955 2173 1030 2209 edd.
1052 2179 1057 2219 ι
1079 2175 1286 2221 δειχθῆναι
1311 2175 1369 2211 Be
1427 2179 1472 2211 16
1491 2176 1578 2222 βου-

204 2220 450 2305 λιηᾷηῆάνικᾯῖἶ-Ιε
464 2221 615 2268 ψῆφον]
649 2224 860 2268 κινηθῆναι
891 2221 1033 2268 ταύτην
1071 2221 1140 2268 τὴν
1171 2227 1307 2269 ψῆφον
1339 2223 1581 2271 βουληθῆναι

248 2280 262 2304 ι
393 2280 415 2304 ο

280 2392 299 2424 ‘1
327 2389 427 2435 ἔλεγε
459 2390 531 2436 γὰρ
569 2389 591 2427 ὁ
618 2390 821 2436 Φιλάγριος
844 2390 952 2432 τινὰς
983 2389 1246 2438 αἱρεσιλογίας,
1278 2392 1329 2434 ὡς
1353 2391 1581 2438 ἀμελοῦνται

208 2435 414 2531 :axi-12:22?
439 2438 626 2486 <αὐτ>ῶν
659 2440 725 2475 καὶ
760 2444 1108 2486 καταφρονοῦνται,
1139 2440 1204 2476 καὶ
1229 2440 1390 2476 τοιαῦτα,
1415 2453 1503 2475 τινα
1539 2439 1582 2474 in

1604 645 1623 670 fi

1592 978 1627 1003 10
