1806 2964
277 205 365 248 310
866 205 1049 245 LIBANII

278 315 320 357 δὲ
349 317 515 371 βραδύς.
546 317 584 358 εί
606 315 650 358 δὲ
675 315 826 371 ὀφθείη
862 332 962 371 που,
993 319 1244 372 πανταχόθεν
1275 317 1448 373 ἐγκώμια
1470 320 1578 374 παρά
1601 335 1641 362 τε

277 388 356 422 τῶν
394 377 439 423 εὖ
482 382 747 423 πεπονθότων
787 381 856 423 καὶ
892 389 972 424 τῶν
1009 383 1103 433 τοὺς
1145 378 1191 425 εὖ
1226 385 1434 434 παθόντας
1466 385 1639 428 ειδότων.

278 450 318 487 4.
332 447 406 500 τὴν
423 448 557 502 Τύχην
576 446 619 488 δὲ
639 447 772 497 οὐδεὶς
790 447 991 501 ἐμέμψατο
1011 448 1078 490 διὰ
1095 449 1170 499 τὴν
1187 449 1288 504 πρὸς
1305 456 1447 491 τοῦτον
1465 449 1638 492 εὔνοιαν·

280 512 407 562 οὕτως
437 512 682 554 ἐσπούδακεν
712 509 815 554 εἶναι
848 512 1002 567 μέτριος
1033 513 1076 555 ἕν
1107 513 1323 566 ἀφθόνοις.
1359 514 1427 556 καὶ
1451 510 1509 556 ὧν
1532 511 1641 557 οἶδεν

244 593 259 619 5
279 577 510 630 ἀνθρώπων
534 578 627 627 τοὺς
651 577 724 631 μὲν
750 577 1003 633 εὐηργέτηκε,
1033 579 1124 628 τοὺς
1155 578 1198 621 δὲ
1229 580 1304 621 οὐκ
1333 579 1538 634 ἐλύπησεν.
1574 580 1640 634 ἐμὲ

283 642 326 684 δὲ
353 646 466 696 φιλεῖ
479 643 552 696 μὲν
571 643 692 684 πλέον
711 642 737 697 ἣ
764 641 817 692 ὡς
843 642 894 684 ἅν
912 659 970 693 τις
995 644 1153 698 πατέρα,
1177 645 1401 698 αἰσχύνεται
1425 644 1468 688 δὲ
1492 650 1640 699 μᾶλλον

277 706 304 761 ’ἢ
329 709 529 762 μαθητής,
554 714 666 750 ποιεῖ
685 708 728 750 δὲ
753 715 832 750 τῶν
851 709 975 750 αὑτοῦ
996 710 1151 765 κύριον,
1176 710 1305 765 ὥσπερ
1325 709 1446 752 αὐτὸν
1466 710 1486 751 ὁ
1505 711 1638 764 νόμος.

280 776 318 815 5.
343 770 454 815 ταῦτ’
483 771 571 815 οὔτ’
600 773 666 827 ἐμὲ
691 782 806 829 σιγᾶν
837 771 912 829 εἶχε
944 778 1074 824 καλῶς
1098 774 1189 816 οὔτε
1214 774 1255 816 σὲ
1281 775 1336 829 μὴ
1367 780 1526 829 μαθεῖν.
1563 771 1639 832 ἐγῶ

278 838 350 893 μὲν
374 839 450 894 γὰρ
475 838 527 880 ἂν
551 838 736 893 ἠδίκουν,
761 839 875 893 ὑμεῖς
901 836 938 881 δ’
967 839 1019 881 ἂν
1043 840 1280 893 ἐζημιοῦσθε
1299 842 1353 894 μὴ
1374 841 1640 896 συναγόμενοι

225 921 259 947 ιο
278 901 372 959 παρ’
401 903 500 958 ἐμοῦ
525 905 751 947 δικαιότατα
776 904 827 946 ἂν
853 904 1047 958 ἀλλήλους
1072 906 1228 955 εἰδότες.

208 1091 252 1125 W
281 1095 350 1127 384
911 1083 1002 1126 τλα’.

772 1171 840 1225 Τῷ
873 1168 1005 1226 αὐτῷ.
1039 1172 1148 1216 (358)

342 1256 379 1292 1.
402 1246 642 1303 Ἐπανήκων
667 1250 765 1304 ἡμῖν
795 1250 818 1292 ὁ
849 1252 1076 1301 Σπεκτᾶτος
1106 1251 1185 1294 ἀπὸ
1209 1258 1280 1305 τῆς
1310 1253 1519 1306 πρεσβείας
1542 1256 1639 1295 πολ-

279 1320 362 1365 λοῖς
387 1317 522 1367 ἔδοξεν
546 1316 749 1370 εὐδαίμων
773 1313 891 1370 εἶναι,
915 1322 998 1368 τοῖς
1016 1317 1102 1371 μέν,
1129 1317 1187 1359 ὅτι
1206 1317 1358 1370 πολλὴν
1376 1315 1455 1359 εἶδε
1479 1325 1557 1372 γῆν
1573 1318 1642 1360 καὶ

227 1397 259 1423 ιε
281 1381 354 1435 ὅρη
379 1381 447 1423 καὶ
470 1382 688 1435 ποταμούς,
712 1386 795 1432 τοῖς
821 1378 876 1435 δ’,
902 1382 960 1424 ὅτι
984 1382 1059 1436 τὴν
1086 1385 1254 1435 Περσῶν
1286 1383 1441 1424 δίαιταν
1470 1383 1539 1425 καὶ
1562 1384 1641 1438 ἔθη

278 1446 346 1488 καὶ
369 1447 520 1501 νόμους
546 1446 589 1488 ἐν
614 1444 675 1496 οἷς
701 1449 830 1497 ζῶσιν.
863 1448 906 1489 οἰ
927 1446 969 1489 δὲ
994 1448 1068 1501 τὴν
1093 1448 1219 1489 αὐτοῦ
1237 1454 1309 1490 τοῦ
1328 1449 1640 1499 δυναστεύοντος

279 1512 381 1555 θέαν
405 1512 472 1554 καὶ
502 1519 582 1554 τῶν
614 1514 744 1555 λίθων
768 1509 830 1562 οἷς
854 1513 1089 1567 ἐκεκόσμητο
1117 1513 1215 1568 μέγα
1245 1509 1366 1568 ἦγον,
1397 1518 1480 1564 τοῖς
1503 1513 1546 1557 δὲ
1577 1527 1640 1557 σε-

353 1644 395 1676 11
430 1641 480 1677 Vt
501 1639 546 1686 γ’,
581 1639 686 1688 [κα’].
727 1642 782 1678 Va
813 1639 860 1686 δ’,
894 1640 967 1677 κοί.
1014 1642 1066 1678 Vo
1092 1640 1139 1685 δ’,
1164 1640 1237 1677 ια’.
1275 1641 1306 1678 S
1332 1639 1379 1688 β’,
1398 1639 1463 1684 κζ.
1509 1642 1557 1678 Vi
1578 1642 1641 1679 λε’.

287 1688 386 1724 Vina
420 1687 464 1728 ς’.
491 1689 532 1724 D
566 1688 640 1724 σθ’.
677 1688 850 1725 Lambec.
880 1688 978 1725 Bibl.
1014 1688 1118 1726 Caes.
1144 1688 1306 1725 Vindob.
1338 1688 1403 1725 lib.
1436 1688 1483 1725 VI
1507 1700 1545 1736 p.
1571 1693 1641 1725 244

279 1735 440 1772 vindob.
463 1739 554 1771 1674
574 1736 1042 1781 ep.1-Richard.1,iban.
1062 1747 1147 1783 epp.
1170 1735 1245 1781 XII,
1277 1735 1448 1772 Francos.
1476 1738 1516 1772 et
1539 1736 1640 1783 Lipu.

280 1786 370 1819 1707
397 1794 455 1829 ep.
475 1783 493 1819 Ι
517 1795 538 1819 e
570 1785 651 1820 Vat.
671 1787 742 1820 113

354 1907 396 1937 12
423 1902 471 1938 ef.
492 1913 550 1948 ep.
572 1905 652 1938 833.
668 1906 750 1939 352.
775 1902 919 1939 Sievors
942 1906 998 1939 ⁷8.
1024 1902 1143 1939 Seeck
1162 1906 1219 1940 85.
1239 1905 1321 1939 347.
1341 1902 1508 1939 Silomon
1528 1906 1572 1940 18
1586 1914 1641 1949 tq.

328 1952 372 1985 18
399 1949 518 1986 Seeck
543 1953 612 1986 281
636 1951 642 1997 Ι
663 1951 786 1986 Amm.
807 1950 921 1987 Marc.
943 1950 1047 1986 XVII
1067 1955 1101 1996 5,
1125 1954 1167 1986 15
1194 1952 1234 1987 ot
1260 1955 1317 1995 14,
1338 1954 1356 1986 1

354 2073 372 2103 1
399 2075 475 2103 ποῦ
504 2070 558 2105 Va
569 2069 619 2105 Vo
693 2072 713 2104 8
739 2068 808 2115 τὴν
833 2068 875 2106 δὲ
900 2068 1014 2116 τύχην
1041 2070 1089 2106 Vi
1163 2073 1185 2105 4
1210 2067 1375 2115 φθόνοις
1394 2068 1487 2106 1ibri
1511 2068 1638 2116 ἀφθό-

281 2128 362 2157 νοις
380 2126 401 2151 0
421 2116 509 2153 Par.
530 2116 618 2153 olim
640 2119 739 2154 3073
762 2128 865 2154 mmo
886 2119 989 2154 2022
1015 2116 1122 2153 Wolf
1209 2120 1231 2152 5
1257 2117 1347 2162 εὐηρ
1374 2116 1478 2164 έτηκε
1503 2116 1638 2164 scripsi

281 2162 526 2246 εὐηὲγέτηκεν
552 2164 585 2199 V
606 2164 673 2199 sed
699 2165 781 2211 η(1)
806 2164 847 2200 in
872 2175 934 2200 ras
960 2163 1026 2209 m‘,
1050 2164 1191 2202 VoSVi
1226 2165 1311 2210 εὐερ
1354 2176 1466 2210 τηκεν
1486 2165 1542 2202 Va
1578 2165 1638 2202 εὖ·

281 2223 344 2257 εργ
364 2223 453 2257 τηκε
482 2210 587 2247 Wolf
607 2211 654 2248 cf.
675 2212 724 2247 ad
742 2213 770 2248 fi.
790 2212 858 2248 VII
879 2215 960 2257 716,
975 2215 995 2248 7
1017 2215 1023 2257 Ι
1045 2212 1202 2259 ἐλύπησε
1229 2213 1284 2249 Va
1358 2211 1417 2248 olf
1491 2216 1513 2248 8
1538 2211 1637 2259 ‹lu-2)

280 2259 422 2294 inserui
447 2269 468 2295 e
492 2259 602 2295 libris
627 2261 671 2295 ut
696 2259 782 2296 coni
807 2259 861 2296 Re
905 2270 966 2295 om
992 2259 1098 2296 Wolf
1168 2263 1187 2296 '1
1215 2261 1332 2297 αὐτοῦ
1356 2259 1445 2296 libri
1469 2259 1577 2297 Wolf

283 2309 327 2341 10
353 2304 575 2343 δικαιότατα
595 2308 630 2344 V
656 2308 723 2343 sod
748 2309 831 2355 α(3)
856 2306 895 2342 in
919 2304 931 2320 ’
959 2317 1041 2344 corr
1070 2307 1128 2344 m⁶
1208 2311 1252 2344 12
1284 2306 1526 2356 ἀρισταινέτῳ
1551 2307 1639 2344 SVi

287 2354 388 2390 Vina
430 2353 614 2391 ἀνατολίω
639 2355 681 2392 D
740 2359 784 2391 14
810 2351 891 2392 οἶδε
915 2355 956 2391 D
1033 2360 1074 2391 16
1100 2353 1142 2391 δὲ
1161 2354 1269 2391 Wolf
1298 2358 1305 2402 Ι
1337 2360 1411 2391 τῶν
1436 2356 1477 2392 D
1498 2357 1504 2402 Ι
1526 2354 1643 2402 ἔθην

281 2401 348 2436 sed
373 2415 397 2448 η
423 2412 468 2438 ex
494 2415 540 2447 νη
573 2413 656 2438 corr
679 2403 736 2438 m⁶
773 2402 869 2449 ἔθνη
897 2403 996 2439 Vind
1028 2402 1147 2439 Lamb
1246 2406 1290 2439 16
1317 2401 1360 2439 οῗ
1376 2403 1410 2440 V
1438 2402 1545 2439 Wolf

283 2452 326 2484 1⁷
352 2448 421 2495 τὴν
447 2451 536 2486 ante
555 2455 630 2487 τῶν
656 2451 696 2487 D
723 2450 728 2498 Ι
756 2447 813 2492 οἷς
838 2450 873 2485 V
894 2451 960 2486 sed
985 2463 1006 2486 ο
1031 2449 1071 2486 in
1094 2461 1157 2487 ras
1182 2450 1239 2486 m‘
1275 2447 1337 2492 αἷς
1361 2451 1417 2487 Va
