1806 2964
280 227 368 270 670
862 228 1044 264 LIBANII

280 342 474 380 Βιθυνῶν
505 334 597 394 ἦρχε
622 338 887 392 Πομπηιανὸς
919 337 940 379 ὅ
971 340 1152 393 χρηστός,
1186 339 1207 381 ὁ
1238 342 1410 395 δίκαιος,
1442 341 1463 384 ὁ
1492 345 1636 385 πενίαν

282 406 463 458 οὐδαμοῦ
489 405 744 460 δυσχεράνας,
769 403 791 445 ὁ
811 405 953 459 λόγους
971 404 1064 453 τοὺς
1083 404 1155 458 μὲν
1172 408 1361 460 γνησίους
1380 414 1518 462 τιμῶν,
1542 409 1637 458 τοὺς

283 467 321 512 δ’
343 471 393 512 οὗ
417 471 621 519 τοιούτους
646 468 827 523 ἐλέγχων·
858 470 1016 518 πάντως
1041 469 1083 511 δὲ
1108 470 1183 511 οὐκ
1207 470 1450 525 ἀμνημονεῖς
1481 472 1535 522 ὡς
1564 473 1636 516 τὸν

282 537 530 590 Ἀθήνηθεν,
559 536 629 578 τὸν
659 535 859 588 ἐσθήμασι
889 535 1070 589 λαμπρὸν
1100 535 1360 594 ἕκωμῴδησεν
1390 538 1537 580 ἄκοντα
1566 539 1635 592 ἒμ-

245 618 261 645 s
281 603 434 656 βαλών,
467 598 516 642 οὗ
551 602 691 649 δείξειν
724 601 798 653 τὴν
831 599 1045 641 ἀσθένειαν
1082 600 1246 652 ἔμελλεν.
1293 605 1331 643 2.
1362 601 1441 643 ἀπὸ
1473 604 1524 657 δὴ
1555 611 1637 646 τῶν

281 669 436 723 χρόνων
462 667 623 708 ἐκείνων
648 666 854 721 εὐεργέτην
879 681 919 707 τε
943 665 1012 706 τὸν
1031 665 1158 720 ἄνδρα
1177 666 1414 721 ἐγραψάμην
1432 668 1498 709 καὶ
1517 668 1637 711 οὐδὲν

281 734 407 782 οὕτως
431 733 599 782 ἐπιτάξει
623 732 805 785 χαλεπόν,
830 729 851 772 ὃ
877 731 930 784 μὴ
955 737 1084 772 ποιῶν
1108 731 1182 772 οὐκ
1203 730 1254 772 ἂν
1277 730 1450 786 ἡγοίμην
1469 732 1632 775 ἀδικεῖν.

281 799 324 840 τὸ
351 798 392 840 δὲ
419 798 469 851 δὴ
493 805 571 839 νῦν
595 797 661 838 καὶ
686 797 789 850 μάλα
813 797 973 853 ῥᾷστον·
1012 797 1160 838 κελεύει
1182 797 1256 852 γάρ
1282 813 1328 850 με
1353 795 1407 839 δι’
1430 797 1636 852 ἐπιστολῆς

285 864 487 918 δεηθῆναί
509 875 582 904 σου
607 869 811 917 γυναικῶν
835 878 954 903 τινων
979 861 1270 915 ἐπιμεληθῆναι
1289 863 1378 916 δύο,
1406 865 1635 920 Φιλοπάτρα

228 947 262 972 ιο
282 929 409 983 ὄνομα
439 927 609 985 θατέρᾳ,
645 935 691 983 τῇ
727 927 770 969 δὲ
793 924 1059 982 Ἑρμογένεια.
1111 930 1148 968 3.
1181 927 1256 982 ἐγὼ
1288 927 1330 969 δὲ
1362 929 1436 969 οὐκ
1466 928 1637 983 ἠρόμην,

282 991 346 1046 ἐφ’
369 994 488 1037 ὁποῖα
519 993 571 1046 δὴ
602 991 787 1051 χρῄζουσι
816 999 886 1046 τῆς
911 993 1125 1046 βοηθείας,
1157 993 1264 1042 ὅπως
1287 994 1386 1048 πρὸς
1410 994 1484 1047 τὴν
1510 995 1637 1048 φύσιν

282 1067 361 1101 τῶν
397 1059 638 1115 πραγμάτων
670 1057 698 1111 ἢ
731 1059 876 1114 γράψω
909 1057 936 1112 ἢ
969 1059 1044 1112 μή,
1083 1055 1169 1099 ἀλλ’
1193 1059 1245 1099 ἓν
1280 1057 1406 1100 ἐκεῖνο
1443 1051 1638 1110 πεπεικὼς

283 1125 466 1179 ἐμαυτόν,
492 1123 545 1174 ὥς
570 1124 645 1166 οὐκ
668 1123 720 1164 ἂν
745 1123 1011 1176 Πομπηιανὸς
1034 1123 1216 1178 γυναιξὶν
1240 1123 1305 1165 ἐπὶ
1323 1124 1475 1177 νόμους
1493 1123 1654 1179 ἤμυνε,

283 1192 427 1244 δίδωμι
457 1190 530 1242 τὴν
561 1188 770 1241 ἐπιστολὴν
795 1188 957 1237 εὐθέως.
1002 1192 1041 1230 4.
1068 1188 1117 1229 σὺ
1142 1185 1180 1230 δ’
1209 1185 1270 1238 οἷς
1294 1194 1420 1239 ποιεῖς
1444 1189 1635 1246 εὔφραινε

230 1272 264 1299 15
283 1257 352 1299 τὸν
377 1255 505 1310 ἄνδρα
530 1254 695 1306 ἐκεῖνον,
721 1254 764 1303 ὅς
790 1269 857 1307 μοι
880 1255 1068 1303 πολλάκις
1092 1253 1405 1309 ἠγωνοθέτησεν.

209 1383 259 1419 w
285 1387 353 1419 655
907 1371 1018 1427 ψμγ’.

784 1447 855 1501 Τῷ
875 1445 1004 1500 αὐτῷ
1032 1448 1139 1492 (362)

347 1533 384 1571 1.
411 1530 632 1584 Πάνδωρος
659 1528 793 1570 οὑτοσὶ
810 1529 987 1569 Κιλίκων
1005 1527 1110 1569 ἐστὶν
1129 1528 1185 1577 εἰς
1205 1526 1277 1581 μὲν
1294 1528 1503 1583 χρημάτων
1520 1516 1640 1583 λόγον

283 1597 460 1649 ἔσχατος,
493 1595 550 1644 εἰς
587 1593 630 1635 δὲ
662 1595 788 1649 λόγων
819 1593 1040 1647 ἐπιθυμίαν
1077 1600 1240 1648 πρῶτος.
1285 1590 1367 1634 οἶδε
1397 1593 1471 1649 γὰρ
1504 1592 1638 1649 ὀρθῶς

358 1690 400 1722 16
434 1686 499 1722 Vll
530 1685 578 1733 β’,
612 1685 709 1732 ρμα’.
760 1684 819 1722 Va
852 1683 894 1728 ξ,
935 1684 999 1730 ρλ’.
1052 1685 1104 1721 Vo
1138 1684 1213 1730 (ἴ),
1251 1686 1303 1729 ρλ.
1339 1684 1369 1722 S
1399 1685 1447 1728 α’,
1481 1683 1551 1732 νβ’.
1595 1685 1640 1721 Vs·

358 1823 376 1853 1
402 1816 779 1853 Phot.hib1.cod.165
794 1814 933 1850 Himer.
946 1826 982 1860 p.
1000 1818 1067 1850 108
1074 1814 1111 1859 b,
1126 1818 1159 1850 7.
1173 1814 1292 1851 Seeck
1306 1818 1384 1850 242.
1400 1814 1446 1850 Η.
1461 1814 1637 1857 Schenkl,

294 1865 391 1902 Mus.
416 1865 535 1900 Rhen.
564 1863 698 1899 LXXII
724 1866 831 1908 89nq.
861 1863 906 1898 cf.
926 1864 953 1898 t.
974 1862 1131 1899 vl1545
1146 1874 1199 1908 sq.
1292 1866 1315 1898 4
1339 1862 1560 1899 Himerium.
1592 1863 1638 1900 cf.

288 1912 333 1949 H.
347 1912 509 1949 Schenkl
522 1911 547 1947 1.
567 1911 591 1947 l.
649 1914 692 1947 17
719 1910 864 1947 sievers
890 1913 935 1946 90
960 1912 1037 1946 not.
1058 1913 1115 1946 29.
1155 1909 1273 1946 Seeck
1300 1913 1379 1947 104.
1400 1913 1469 1946 393
1519 1913 1564 1946 18
1589 1910 1638 1946 ef.

286 1972 344 2006 ep.
366 1963 470 1998 1394.
497 1959 614 1996 Seeck
639 1961 711 1994 410

356 2060 375 2091 1
402 2054 639 2101 πομπηιανὸς
665 2054 700 2090 V
721 2053 787 2089 sed
811 2067 850 2099 ηι
875 2063 920 2088 ex
946 2066 960 2089 ι
983 2064 1066 2089 con·
1090 2051 1147 2088 αι’
1209 2055 1231 2088 3
1251 2051 1306 2099 δὲ]
1321 2049 1519 2090 d’MoAth
1536 2051 1646 2088 Wolf

284 2108 307 2138 4
331 2109 397 2149 τῆς
422 2105 510 2138 ante
535 2102 721 2148 ἐσθήμασι
746 2101 822 2138 Ath
845 2112 936 2136 num
961 2104 1062 2142 tote?
1101 2100 1109 2148 Ι
1147 2099 1289 2136 ἄκοντα
1315 2101 1367 2137 Vo
1392 2099 1458 2136 sed
1483 2113 1508 2135 a·
1531 2099 1572 2135 in
1596 2111 1639 2142 ος

285 2162 369 2186 corr
394 2150 452 2185 m⁸
523 2154 544 2185 ὅ
570 2148 722 2195 ἤμελλεν
749 2149 801 2185 Vo
811 2149 879 2185 Mo
904 2147 1012 2183 Wolf
1043 2146 1175 2194 ἥμελεν
1199 2148 1256 2184 Va
1328 2150 1349 2184 9
1374 2146 1588 2192 φιλοπάτρα
1607 2147 1645 2184 V

285 2198 350 2233 sed
374 2212 395 2233 τ
414 2209 435 2234 e
457 2210 486 2233 π
511 2208 593 2233 corr
696 2199 740 2232 10
758 2191 1003 2241 ‘Reperiam
1022 2195 1154 2242 scripsi
1190 2194 1387 2241 ἐρμογενία
1407 2194 1640 2232 VVaVoAth

285 2245 392 2281 Wolf
425 2243 640 2293 ἑρμογενείᾳ
666 2245 735 2280 Mo
793 2248 835 2280 11
857 2243 969 2279 ὁκοῖα
995 2242 1129 2290 scripsi
1153 2254 1173 2278 ο
1206 2242 1370 2279 VVoMo
1399 2243 1444 2277 ut
1473 2242 1559 2278 coni
1582 2241 1638 2277 Re

286 2292 399 2342 ὁποίᾳ
425 2293 483 2329 Va
513 2291 621 2328 Wolf
647 2291 713 2327 sed
744 2302 827 2327 con·
856 2290 943 2326 Add
974 2293 1044 2326 863
1082 2288 1229 2331 ὁποίοις
1251 2290 1328 2327 Ath
1354 2293 1361 2334 Ι
1389 2288 1562 2336 χρῄζουσι
1587 2289 1640 2325 Vo

284 2341 361 2377 Ath
435 2343 479 2376 12
506 2338 546 2376 ἓν
572 2338 634 2376 del
652 2339 721 2375 Mo
742 2340 748 2385 Ι
770 2339 892 2375 ἐκεῖνο
917 2349 979 2374 om
997 2338 1074 2374 Ath
1147 2341 1191 2373 18
1214 2337 1453 2383 πομπηιανὸς
1478 2337 1513 2373 V
1533 2336 1599 2373 sed
1623 2349 1638 2372 ι

283 2388 385 2423 inser
408 2387 465 2423 m⁴
554 2391 597 2423 14
623 2386 804 2431 εὔφραινε
834 2385 984 2431 reposui
1022 2395 1065 2421 ex
1096 2386 1174 2422 Aa·
1216 2384 1381 2431 εὔφραινε
1407 2383 1562 2421 VVaVo
1571 2384 1640 2420 Mo

283 2435 392 2471 Wolf
469 2439 513 2471 15
538 2433 734 2480 ἠγωνοθέτ
760 2444 800 2470 σε
824 2432 931 2469 Wolf
999 2437 1043 2469 1⁷
1069 2434 1305 2479 Πομπηιανῶ
1323 2432 1353 2470 S
1365 2432 1411 2468 Vi
1483 2434 1528 2468 18
1552 2429 1638 2467 πίν-

283 2484 400 2527 δαρος
425 2482 586 2519 SViAth
654 2485 697 2517 19
723 2495 740 2518 ε
757 2482 823 2517 διν
849 2481 904 2517 Va
