1806 2964
279 215 368 259 436
866 216 1048 252 LIBANII

278 324 405 368 εἶναι
436 334 629 381 τρυφῆς.
682 330 720 370 5.
752 326 777 381 ἡ
804 329 958 381 Συρία
990 326 1039 368 δὲ
1071 330 1288 368 Μουσῶν
1319 327 1636 382 ἐργαστήριον

278 393 430 433 πολὺν
466 392 556 446 ἤδη
594 393 769 448 χρόνον
806 394 1171 446 δημιουργοῦσα
1209 393 1435 447 ῥήτορας,
1470 388 1534 433 ὧν
1566 388 1636 442 εἷς

279 453 419 507 οὗτος
437 459 753 511 Καλλιόπιος,
779 451 811 516 ᾧ
833 459 1034 513 χαίρεις,
1053 456 1134 499 καὶ
1159 458 1306 511 πολλὴ
1333 458 1637 512 πολλαχόθεν

280 522 447 576 νεότης
472 524 694 578 θήγουσᾶ
719 539 764 565 τε
789 523 1056 575 παιδευτὴν
1080 523 1160 564 καὶ
1184 523 1302 577 αὐτὴ
1323 523 1636 577 λαμβάνουσα

247 604 263 629 5
283 587 354 641 ἐφ’
384 589 495 644 ὅπερ
520 591 636 642 ἥκει.
670 589 872 643 πότερον
897 584 983 630 οὖν
1008 589 1172 642 βούλει
1195 601 1271 630 σοι
1294 589 1375 631 τὸν
1399 589 1638 643 βουκόλον

281 654 478 709 ἀπορεῖν
516 658 642 709 βοῶν
678 654 705 708 ἢ
742 655 849 710 περὶ
891 654 1073 708 συχνὴν
1115 653 1296 709 ἀγέλην
1338 658 1548 710 χρῆσθαι
1583 661 1637 710 τῇ

280 720 438 778 τέχνῃς
479 724 515 761 6.
541 721 653 762 ταῦτ’
673 720 836 762 ἀκούων
860 720 1130 773 ἀποκρινεῖται
1155 727 1228 762 σοῦ
1254 721 1484 773 μειδιῶντος
1507 719 1576 761 καὶ
1592 719 1637 761 ἐν

280 791 333 845 τῷ
356 786 546 841 βλέμματι
571 786 670 840 πρὸς
689 786 730 827 τὸ
751 787 934 840 δεύτερον
959 785 1186 840 ἐνάγοντος·
1211 786 1320 839 βόες
1344 786 1554 827 ἔστωσαν
1577 789 1638 842 τῷ

282 853 509 909 βουκόλῳ.
562 856 597 892 7.
630 853 666 893 εἰ
695 851 739 892 δέ
770 867 815 904 με
849 852 967 908 οἰήσῃ
1000 851 1205 909 ῥαψῳδεῖν
1236 851 1302 892 καὶ
1327 852 1488 904 μύθους
1514 857 1639 892 ταῦτα

230 931 263 957 ιο
283 916 532 972 ἡγησάμενος
552 918 769 970 ἀμελήσεις,
796 914 880 958 ἀλλ’
902 917 1022 972 ἔγωγε
1046 916 1333 970 ἀποσπώμενος
1357 917 1556 970 βοήσομαι
1578 916 1640 958 δτι

284 999 336 1036 με
367 990 448 1036 τῆς
470 980 756 1037 Ἀντιοχείας
787 981 1038 1023 ἀνέπεισεν
1069 982 1263 1036 ἔχεσθαι
1287 982 1528 1032 Δατιανὸς
1557 981 1638 1024 καὶ

282 1048 331 1090 τὸ
357 1049 545 1101 κάλλος,
565 1042 597 1105 ᾧ
617 1048 855 1097 Δατιανὸς
881 1048 966 1101 τὴν
984 1048 1126 1090 πόλιν
1150 1047 1439 1102 ἐλάμπρυνε,
1464 1047 1640 1103 λουτρὰ

282 1115 334 1155 τὰ
361 1113 444 1167 μὲν
469 1113 793 1167 τετελεσμένα,
819 1113 872 1154 τὰ
891 1112 939 1154 δὲ
958 1112 1180 1166 ἀνιόντα,
1206 1113 1321 1154 στοὰ
1344 1105 1574 1166 τεταμένη
1593 1128 1640 1154 τε

283 1181 350 1230 εἰς
377 1187 524 1233 μῆκος
548 1179 627 1220 καὶ
651 1181 718 1228 εἰς
744 1179 870 1234 ὥραν
895 1178 1118 1220 ἀνθοῦσα
1142 1179 1373 1220 τοσοῦτον
1397 1178 1572 1232 ἔχουσα
1589 1178 1644 1220 ἐν-

232 1259 264 1284 15
284 1252 336 1302 τῇ
363 1246 515 1298 πόλει,
542 1246 654 1286 ὅσον
679 1245 700 1287 ὁ
719 1252 801 1286 τοῦ
822 1244 1038 1294 Πέλοπος
1063 1241 1187 1298 ὦμος
1206 1244 1255 1285 ἐν
1273 1245 1332 1300 τῷ
1359 1244 1538 1296 σώματι
1556 1249 1642 1285 τοῦ

285 1310 517 1360 Πέλοπος.
551 1312 623 1366 ὅρα
649 1306 724 1352 οὖν
757 1311 799 1351 εἴ
823 1323 884 1352 σοι
918 1311 1008 1351 λίαν
1032 1309 1145 1358 ἀδεὲς
1170 1309 1357 1351 ἕλκεσθαί
1378 1324 1437 1362 με.
1483 1312 1522 1350 8.
1546 1309 1641 1351 ταύ-

284 1394 357 1430 την
381 1376 454 1430 μὲν
478 1373 552 1418 οὖν
571 1378 644 1430 τὴν
662 1377 829 1418 παιδιὰν
853 1377 967 1425 ἵλεως
992 1372 1070 1418 οἶδ’
1094 1376 1149 1417 ὅτι
1177 1375 1284 1433 δέξῃ,
1309 1375 1452 1428 κοινὴν
1476 1373 1518 1415 δὲ
1544 1372 1642 1428 ἡμῖν

285 1444 372 1483 ἴσθι
396 1442 622 1496 πεποιηκὼς
647 1443 801 1496 ἑορτήν,
832 1441 880 1490 ἃς
907 1444 1160 1499 Πομπηιανῷ
1188 1439 1436 1494 παρέστησας
1467 1439 1642 1489 ἐλπίδας.

285 1507 306 1548 ὅ
331 1508 406 1563 γὰρ
432 1508 534 1562 ἀνὴρ
559 1505 645 1557 οἷος
669 1503 713 1549 εὖ
737 1508 920 1562 πράττων
944 1508 1106 1556 πολίτας
1129 1506 1373 1561 εὐφραίνειν.
1426 1508 1464 1547 9.
1490 1501 1543 1559 ἦν
1568 1504 1642 1559 μὲν

232 1587 267 1613 20
286 1574 360 1629 γὰρ
391 1574 458 1615 καὶ
488 1575 531 1615 ἐκ
562 1573 656 1615 νέου
683 1573 837 1626 μέτριος
867 1572 935 1614 καὶ
960 1572 1002 1613 τὸ
1034 1571 1186 1621 ἄλυπος
1211 1568 1314 1613 εἶναι
1339 1574 1522 1624 μελετῶν,
1545 1570 1643 1624 ἐπή-

285 1652 404 1692 σκησε
431 1638 472 1680 δὲ
498 1640 566 1680 τὸν
591 1639 737 1694 τρόπον
761 1639 818 1687 εἰς
850 1638 892 1679 σε’
916 1654 953 1679 τε
980 1637 1136 1692 βλέπων
1161 1637 1227 1679 καὶ
1252 1638 1493 1693 πειρώμενος
1517 1636 1644 1678 αὑτὸν

358 1747 378 1777 2
406 1744 452 1779 of.
474 1754 530 1789 ep.
551 1746 631 1778 442.
659 1745 684 1778 t.
705 1742 755 1778 IV
775 1745 856 1786 364,
870 1746 902 1778 6.
929 1740 1047 1777 Seeck
1069 1744 1137 1778 100
1210 1745 1231 1776 9
1246 1752 1298 1786 sq.
1322 1740 1367 1778 cf.
1387 1740 1436 1776 ad
1454 1739 1645 1785 t.1v209‚

288 1794 331 1827 16
343 1803 397 1836 sq.
426 1791 517 1826 Plat..
539 1790 693 1825 l‘huedr.
715 1802 751 1836 p.
771 1793 840 1826 2⁷7
853 1789 894 1826 Ε.
921 1789 1032 1836 Gorg.
1055 1790 1165 1825 528A
1241 1793 1284 1824 12
1310 1788 1357 1824 cf.
1379 1788 1428 1824 ad
1453 1798 1512 1834 ep.
1531 1791 1603 1823 485

289 1843 332 1874 15
358 1838 464 1873 Pind.
492 1837 547 1874 Ol.
570 1839 712 1883 124sq.
781 1841 825 1874 18
851 1836 969 1873 Seeck
994 1840 1063 1873 242

363 1947 378 1975 1
408 1941 429 1985 ἡ
456 1940 565 1984 συρά
590 1939 631 1975 δὲ
652 1939 764 1984 suppl
790 1939 864 1975 Va⁶
937 1942 958 1974 ‘.‘.
984 1939 1456 1984 πολὺν-δημιουργοῦσα
1475 1936 1538 1972 del
1565 1937 1623 1973 Va

288 1992 309 2022 3
335 1985 444 2029 οὗτος
474 1989 503 2023 V
525 1987 597 2023 sed
627 1987 667 2022 in
699 1987 824 2023 οὑτοσὶ
857 1997 938 2022 corr
968 1986 1023 2021 m⁴
1076 1997 1137 2022 om
1164 1986 1315 2023 VaSVi
1352 1985 1477 2022 οὑτοσὶ
1503 1983 1614 2020 Wolf
1635 1985 1642 2032 ff

287 2035 523 2082 πολλαχόθεν
550 2036 584 2070 V
612 2035 678 2070 sed
710 2037 770 2070 ολλ
796 2034 836 2069 in
866 2045 926 2070 ras
950 2034 1007 2069 m³
1105 2039 1126 2070 5
1152 2033 1300 2079 ἐφῶπερ
1328 2034 1384 2070 Va
1428 2038 1434 2079 Ι
1479 2033 1525 2068 σὺ
1553 2032 1598 2069 Vi

1134 2095 1179 2128 γρ
1204 2081 1268 2117 καὶ
1293 2081 1335 2118 ἐν
1359 2083 1410 2128 τῷ
1434 2078 1613 2128 βλέμματι

291 2135 309 2166 7
335 2137 453 2167 ταῦτα
477 2131 565 2166 VVa
575 2130 623 2166 Vi
666 2134 672 2175 Ι
718 2128 963 2174 ἀποκρίνεται
988 2130 1021 2165 V
1088 2131 1094 2174 Ι
1209 2128 1274 2165 καὶ
1299 2127 1476 2175 βλέμματι
1499 2127 1530 2164 S

289 2231 311 2262 8
341 2203 542 2272 ἐνᾶγοντος
567 2226 596 2261 S
608 2227 653 2261 Vi
766 2229 787 2260 9
813 2221 930 2261 ταῦθ’
958 2224 987 2261 S
993 2224 1092 2261 Vind
1123 2223 1231 2259 Wolf
1319 2226 1362 2259 12
1387 2184 1454 2259 τὲῢ
1490 2188 1648 2263 xdzzgfsc

1184 2285 1228 2318 νο
1247 2270 1475 2317 τετραμμένη

302 2322 396 2358 Vina
417 2326 422 2363 1
445 2321 678 2367 ἐλάμπρυνεν
703 2321 758 2357 Va
810 2324 852 2355 13
877 2319 1082 2365 τεταμμένη
1111 2320 1165 2356 Va
1213 2317 1392 2364 τεταμένη
1418 2318 1448 2355 S
1492 2329 1648 2364 τετραμ-

292 2369 380 2415 μένη
409 2371 453 2406 Vi
528 2374 571 2405 15
586 2369 732 2406 εἴν-16
748 2367 919 2410 Πέλοπος
941 2368 1150 2413 praemisso
1174 2364 1346 2413 κείμενον
1370 2366 1411 2401 in
1435 2376 1545 2411 marg
1576 2364 1625 2402 V‘

303 2429 350 2452 ,ιω
363 2418 457 2453 Vind
530 2421 575 2452 20
607 2417 730 2462 καὶ(1)
759 2415 909 2461 reposui
940 2425 961 2451 e
987 2414 1224 2451 VVaSVind
1259 2425 1322 2450 om
1347 2414 1393 2450 Vi
1429 2413 1486 2450 ἀεὶ
1515 2411 1646 2460 Wolf!

293 2466 353 2500 καὶ.
374 2467 461 2500 ante
482 2464 662 2510 ἐπήσκησε
688 2465 723 2500 V
737 2463 803 2499 sed
823 2463 885 2499 del
903 2462 971 2506 ιη’,
993 2462 1089 2499 Vina
1145 2465 1189 2498 21
1214 2474 1254 2498 τε
1280 2473 1340 2498 om
1367 2462 1414 2497 Vi
1433 2463 1439 2508 Ι
1461 2460 1578 2498 αὐτὸν
1595 2460 1652 2497 Va
