1806 2964
683 218 957 257 Ems‘runffl
981 222 1123 256 95—9'1
1237 192 1240 194 ’
1533 217 1591 260 9‘1

211 333 286 389 ὑφ’
316 329 367 377 οὗ
393 335 564 389 μάλιστα·
585 333 818 386 ἀνθρώπων
842 333 1125 386 ἐθαυμάσθης-
1140 330 1207 373 καὶ
1231 331 1323 388 περὶ
1348 325 1398 373 οὗ
1424 331 1593 385 μάλιστα

212 401 488 451 ἀσθενοῦντος
518 401 767 454 ἐφρόντισας.
810 402 848 442 3.
875 398 951 455 ἐγὼ
977 398 1051 453 μὲν
1070 393 1146 440 οὖν
1171 398 1366 452 εὐξαίμην
1390 395 1501 452 (ἂν)
1524 394 1591 439 ἐπ’

211 469 350 528 ἐκείνῳ
375 469 452 522 τὴν
477 468 606 521 αὐτὴν
631 468 761 517 εὐθὺς
786 466 943 519 ἐλθεῖν,
967 465 1054 508 ἐπεὶ
1078 464 1122 507 δὲ
1153 465 1369 520 τετήρημαι
1393 464 1500 522 λύπῃ
1526 462 1595 505 καὶ

213 536 423 591 δάκρυσιν,
449 535 506 584 εἰς
531 536 628 588 μίαν
654 533 734 590 ὁρῶ
760 533 1047 588 παραμυθίαν,
1079 530 1123 573 σέ
1147 547 1187 573 τε
1212 531 1281 572 καὶ
1311 531 1386 585 τὴν
1411 530 1489 584 σὴν
1521 530 1594 571 δύ-

213 618 349 656 ναμιν.
375 596 434 642 ὧν
454 607 532 642 νῦν
551 616 590 642 τε
610 599 866 653 ἀπολαύομεν
884 598 1059 649 ἀπόντος
1077 597 1145 639 καὶ
1165 598 1290 652 δῆλον
1309 596 1364 647 ὦς
1389 596 1593 651 μειζόνως,
1631 617 1647 642 5

210 667 333 723 ἡνίκα
357 666 409 709 ἂν
435 667 576 724 ἔλθῃς,
601 666 927 720 ἀπολαυσόμεθα.

867 822 937 879 ρξ’.
1320 829 1371 866 w
1396 833 1442 865 96
1468 827 1580 876 (Ceut
1604 831 1667 871 56)

653 909 949 967 Φλωρεντίῳ.
982 918 1154 964 (3591160)

277 1007 315 1043 1.
340 1002 504 1058 Γλώττῃ
531 1000 604 1054 μὲν
628 1006 677 1058 τῇ
702 1000 825 1057 αὐτῇ,
851 999 991 1057 γνώμῃ
1017 998 1061 1041 δὲ
1093 998 1143 1041 οὐ
1173 1006 1222 1056 τῇ
1253 998 1355 1056 αὐτῇ
1389 997 1460 1048 τὰς
1489 997 1591 1053 ὑπὲρ

210 1075 292 1109 τῶν
322 1069 531 1123 φερόντων
563 1079 626 1108 σοι
662 1066 873 1120 πέμπομεν
909 1065 1138 1119 ἐπιστολάς,
1168 1064 1266 1107 ἀλλὰ
1300 1072 1381 1107 τῶν
1417 1062 1491 1118 μὲν
1520 1065 1591 1107 τὸν
1612 1078 1647 1104 ιο

212 1133 330 1190 ὄχλον
367 1134 443 1176 οὐκ
482 1134 635 1188 ἔχοντες
667 1134 884 1187 διαφυγεῖν
931 1131 1225 1187 ἐπιστέλλομεν,
1269 1128 1332 1182 οἷς
1368 1130 1420 1173 ἂν
1464 1129 1592 1185 μηδὲν

209 1202 392 1257 γίγνηται
414 1200 560 1253 δεξιόν,
585 1200 635 1241 οὐ
661 1200 846 1255 φροντίς·
872 1197 973 1253 ὑπὲρ
999 1198 1042 1240 δὲ
1068 1193 1126 1240 ὧν
1151 1198 1273 1240 παντὶ
1296 1201 1420 1257 θυμῷ
1435 1198 1591 1253 γράφο-

214 1283 308 1322 μεν,
334 1267 402 1309 καὶ
435 1267 706 1322 προστίθεμεν
737 1265 859 1320 εὐχὰς
887 1269 970 1315 τοῖς
999 1266 1204 1321 γράμμασι
1234 1264 1311 1306 κᾶν
1341 1264 1488 1306 ἐκεῖνοι
1519 1271 1591 1317 τῆς

213 1341 288 1388 σῆς
326 1333 584 1375 ἀπολαύσωσι
614 1333 765 1388 ῥοπῆς,
795 1330 988 1391 ἡμέτερον
1019 1332 1063 1374 τὸ
1094 1331 1246 1386 κέρδος.
1299 1335 1336 1373 2.
1362 1326 1421 1373 ὧν
1453 1331 1591 1373 οὑτοσὶ

216 1402 446 1452 Μίκκαλος,
472 1403 622 1454 μᾶλλον
648 1398 690 1440 δὲ
715 1405 873 1454 πρῶτος
896 1405 976 1440 τῶν
1008 1397 1052 1440 ἐν
1083 1399 1210 1456 τούτῳ
1236 1413 1305 1452 μοι
1328 1396 1587 1452 τεταγμένων.
1609 1411 1644 1437 15

210 1466 392 1523 πατέρων
429 1482 468 1508 τε
511 1465 586 1522 γὰρ
631 1467 780 1519 φύντες
817 1464 1002 1518 ἀλλήλοις
1045 1465 1177 1517 φίλων
1213 1463 1590 1520 ἐκληρονομήσαμεν

211 1534 329 1576 τοῦδε
353 1540 426 1575 τοῦ
450 1536 576 1574 καλοῦ
599 1533 727 1574 πολλά
752 1548 792 1573 τε
818 1531 917 1586 ὑπὲρ
943 1530 1042 1586 ἐμοῦ
1073 1530 1348 1585 πεπονηκότος
1368 1526 1590 1584 Ὀλυμπίου

210 1607 284 1642 τοῦ
309 1601 529 1641 Μίκκαλον
553 1599 624 1642 τὸν
649 1598 826 1652 ἀδελφὸν
850 1597 973 1640 πλέον
991 1596 1018 1651 ἢ
1037 1599 1165 1638 παῖδα
1184 1601 1401 1650 φιλοῦντος
1425 1597 1590 1652 αἰσχρὸν

213 1662 264 1720 ἦν
297 1666 364 1719 ἐμὲ
397 1662 494 1720 μηδ’
529 1666 608 1708 ἀπὸ
640 1666 883 1721 γραμμάτων
920 1682 956 1706 τι
995 1663 1222 1705 συντελέσαι
1252 1663 1354 1718 πρὸς
1383 1663 1459 1717 τὴν
1490 1662 1589 1705 ὁδὸν

235 1769 1018 1866 g‘11711oc',m]‘.Vafi',at.Vosp3',naz
1051 1768 1147 1815 Se',
1179 1768 1251 1805 κδ’
1289 1767 1460 1815 qud'.
1488 1768 1591 1805 Vinci

211 1834 280 1865 ρα

284 1921 307 1953 8
333 1916 479 1954 Sievers
506 1920 552 1952 84
578 1917 657 1952 1101.
672 1919 728 1952 85.
756 1915 876 1952 Seeck
902 1918 983 1952 961.
1014 1918 1094 1952 157.
1128 1913 1296 1951 Silomon
1323 1918 1368 1950 84
1468 1918 1513 1950 15
1541 1914 1588 1950 cf.

211 1975 269 2011 ep.
284 1968 342 2002 98.
370 1965 515 2002 Sievers
536 1968 619 2009 283,
633 1968 667 2000 2.
694 1963 812 2001 Seeck
835 1967 904 2000 128
970 1967 1013 1999 16
1028 1963 1173 2012 [Iseon]
1187 1962 1346 1999 Demon.
1366 1966 1386 2006 5
1402 1967 1423 1999 2
1448 1975 1486 2009 p.
1501 1962 1556 1999 :eb

213 2017 255 2049 17
278 2013 326 2050 cf.
346 2015 373 2050 1.
394 2013 445 2049 IV
459 2017 529 2049 384
541 2025 596 2059 sq.
623 2012 743 2049 Seeck
763 2015 834 2048 223

284 2138 306 2171 2
332 2134 499 2180 εὐξάμην
527 2135 577 2171 Vo
599 2132 648 2181 1
627 2147 677 2170 αν
702 2133 845 2170 inserui
893 2145 955 2169 om
980 2132 1070 2169 libri
1097 2132 1171 2169 edd
1235 2137 1255 2168 3
1283 2132 1377 2169 ὁδὸν
1402 2135 1492 2169 ante
1518 2132 1585 2169 αύ-

210 2183 280 2229 τήν
307 2184 342 2220 V
411 2187 432 2218 5
458 2195 498 2219 τε
524 2188 595 2219 νῦν
622 2194 668 2229 pr
740 2186 762 2217 6
795 2179 1096 2228 ἀπολαυσόμεθα
1115 2181 1267 2227 reposui
1292 2192 1313 2217 e
1331 2180 1440 2217 libris
1490 2181 1587 2217 ἀπο·

211 2267 371 2313 andum
374 2281 397 2304 v
433 2266 509 2304 edd
535 2266 582 2303 cf
603 2268 630 2303 t
651 2265 720 2301 vn
734 2269 817 2309 405
833 2270 878 2302 ιι
911 2267 918 2311 ι
950 2264 1055 2308 τέλος
1084 2231 1234 2314 βιβφβ
1255 2266 1322 2310 νο)
1357 2277 1399 2301 α
1439 2265 1586 2303 emm-

210 2316 273 2352 2oe2
308 2328 362 2362 πγ
410 2317 499 2361 post
534 2313 834 2360 ἀπολαυσόμεθα
861 2314 916 2351 Va
926 2315 978 2351 Vo
1077 2318 1100 2350 8
1125 2315 1159 2362 βα
1190 2312 1271 2351 λίον
1296 2313 1332 2362 β’
1363 2316 1452 2351 ante
1485 2316 1586 2350 Φλω-

210 2361 344 2413 ρεντίῳ
371 2364 427 2400 Va
442 2364 492 2400 Vo
568 2368 613 2399 14
639 2363 876 2399 ἀπολαύουσι
900 2362 930 2399 S
949 2363 954 2409 Ι
977 2362 1114 2399 οὑτωσὶ
1246 2366 1291 2398 15
1318 2360 1476 2409 μίκαλος
1502 2362 1588 2399 VW

211 2400 330 2449 wolf'
340 2411 435 2448 Ceut
459 2412 505 2448 cf.
527 2412 576 2447 ad
595 2413 622 2448 1.
637 2411 689 2447 IV
712 2414 862 2455 399,10
948 2414 991 2447 16
1016 2423 1203 2458 πατρῳων
1227 2422 1274 2457 pr
1318 2412 1325 2455 Ι
1370 2423 1409 2447 τε
1435 2421 1496 2446 om
1522 2411 1551 2447 S
1577 2410 1583 2456 Ι

210 2460 573 2520 ἐκληρονομήσαμεν
593 2460 640 2496 W
674 2459 741 2495 sed
773 2473 818 2504 ρο
850 2459 954 2495 inser
983 2459 1042 2494 m'
1142 2462 1185 2495 18
1212 2459 1370 2505 μίκαλον
1406 2459 1456 2494 n?
1480 2458 1591 2495 Wolf

214 2507 308 2545 nent
392 2512 435 2544 19
462 2522 511 2555 μη
538 2506 573 2544 δ’
606 2509 659 2545 Vo
674 2507 791 2556 Vindl
826 2508 903 2544 ἀπο
932 2507 1050 2555 VW1
1071 2520 1107 2544 τι
1133 2519 1196 2544 0111
1219 2508 1249 2546 S
