<?xml version="1.0" encoding="UTF-8"?>
<!DOCTYPE html PUBLIC "-//W3C//DTD XHTML 1.0 Transitional//EN"
    "http://www.w3.org/TR/xhtml1/DTD/xhtml1-transitional.dtd">
<html xmlns="http://www.w3.org/1999/xhtml" xml:lang="en" lang="en">
 <head>
  <title>
</title>
<meta http-equiv="Content-Type" content="text/html;charset=utf-8" />
  <meta name='ocr-system' content='tesseract 3.04.00' />
  <meta name='ocr-capabilities' content='ocr_page ocr_carea ocr_par ocr_line ocrx_word'/>
</head>
<body>
  <div class='ocr_page' id='page_1' title='image "./operarecensuitri10libauoft_0291.png"; bbox 0 0 1806 2964; ppageno 0'>
   <div class='ocr_carea' id='block_1_1' title="bbox 614 220 1548 264">
    <p class='ocr_par' dir='ltr' id='par_1_1' title="bbox 614 220 1548 264">
     <span class='ocr_line' id='line_1_1' title="bbox 614 220 1548 264; baseline 0.001 -1"><span class='ocrx_word' id='word_1_1' title='bbox 614 226 884 263; x_wconf 79' lang='lat' dir='ltr'>EPISTULAE</span> <span class='ocrx_word' id='word_1_2' title='bbox 910 228 1103 262; x_wconf 54' lang='grc' dir='ltr'><strong><em>τεο-298</em></strong></span> <span class='ocrx_word' id='word_1_3' title='bbox 1227 223 1229 225; x_wconf 82' lang='grc'><strong>’</strong></span> <span class='ocrx_word' id='word_1_4' title='bbox 1458 220 1548 264; x_wconf 76' lang='lat'><strong><em>279</em></strong></span> 
     </span>
    </p>
   </div>
   <div class='ocr_carea' id='block_1_2' title="bbox 173 334 1610 1921">
    <p class='ocr_par' dir='ltr' id='par_1_2' title="bbox 173 334 1610 1921">
     <span class='ocr_line' id='line_1_2' title="bbox 173 334 1551 397; baseline -0.004 -15"><span class='ocrx_word' id='word_1_5' title='bbox 173 342 383 397; x_wconf 79' lang='grc' dir='ltr'><strong><em>κηρύττειν</em></strong></span> <span class='ocrx_word' id='word_1_6' title='bbox 408 341 483 382; x_wconf 76' lang='grc' dir='ltr'><strong><em>οὐκ</em></strong></span> <span class='ocrx_word' id='word_1_7' title='bbox 508 339 627 382; x_wconf 82' lang='grc' dir='ltr'><strong><em>ὀκνῶ.</em></strong></span> <span class='ocrx_word' id='word_1_8' title='bbox 662 343 700 381; x_wconf 86' lang='grc'><strong><em>2.</em></strong></span> <span class='ocrx_word' id='word_1_9' title='bbox 720 339 771 381; x_wconf 83' lang='grc' dir='ltr'><strong><em>σὺ</em></strong></span> <span class='ocrx_word' id='word_1_10' title='bbox 796 337 840 380; x_wconf 77' lang='grc' dir='ltr'><strong><em>δὲ</em></strong></span> <span class='ocrx_word' id='word_1_11' title='bbox 865 338 912 379; x_wconf 85' lang='grc' dir='ltr'><strong><em>τὰ</em></strong></span> <span class='ocrx_word' id='word_1_12' title='bbox 938 339 1077 393; x_wconf 80' lang='grc' dir='ltr'><strong><em>βελτίω</em></strong></span> <span class='ocrx_word' id='word_1_13' title='bbox 1104 337 1176 392; x_wconf 77' lang='grc' dir='ltr'><strong><em>μὲν</em></strong></span> <span class='ocrx_word' id='word_1_14' title='bbox 1195 336 1297 392; x_wconf 80' lang='grc' dir='ltr'><strong><em>ὑπὲρ</em></strong></span> <span class='ocrx_word' id='word_1_15' title='bbox 1321 335 1436 390; x_wconf 80' lang='grc' dir='ltr'><strong><em>ἡμῶν</em></strong></span> <span class='ocrx_word' id='word_1_16' title='bbox 1461 334 1551 377; x_wconf 77' lang='grc' dir='ltr'><strong><em>ἐπὲ-</em></strong></span> 
     </span>
     <span class='ocr_line' id='line_1_3' title="bbox 173 400 1552 465; baseline -0.004 -17"><span class='ocrx_word' id='word_1_17' title='bbox 173 419 303 462; x_wconf 86' lang='grc' dir='ltr'><strong><em>πεισο,</em></strong></span> <span class='ocrx_word' id='word_1_18' title='bbox 329 414 421 465; x_wconf 74' lang='grc' dir='ltr'><strong><em>σιγῇ</em></strong></span> <span class='ocrx_word' id='word_1_19' title='bbox 448 405 491 448; x_wconf 82' lang='grc' dir='ltr'><strong><em>δὲ</em></strong></span> <span class='ocrx_word' id='word_1_20' title='bbox 516 407 716 462; x_wconf 77' lang='grc' dir='ltr'><strong><em>ἔκρυπτες.</em></strong></span> <span class='ocrx_word' id='word_1_21' title='bbox 747 405 824 461; x_wconf 81' lang='grc' dir='ltr'><strong><em>ἐγὼ</em></strong></span> <span class='ocrx_word' id='word_1_22' title='bbox 860 404 903 447; x_wconf 85' lang='grc' dir='ltr'><strong><em>δέ</em></strong></span> <span class='ocrx_word' id='word_1_23' title='bbox 934 418 976 446; x_wconf 91' lang='grc' dir='ltr'><strong><em>σε</em></strong></span> <span class='ocrx_word' id='word_1_24' title='bbox 1002 406 1069 446; x_wconf 85' lang='grc' dir='ltr'><strong><em>καὶ</em></strong></span> <span class='ocrx_word' id='word_1_25' title='bbox 1094 405 1200 447; x_wconf 79' lang='grc' dir='ltr'><strong><em>οὕτω</em></strong></span> <span class='ocrx_word' id='word_1_26' title='bbox 1231 403 1400 458; x_wconf 83' lang='grc' dir='ltr'><strong><em>χρηστὸν</em></strong></span> <span class='ocrx_word' id='word_1_27' title='bbox 1425 400 1552 457; x_wconf 80' lang='grc' dir='ltr'><strong><em>ἡγού-</em></strong></span> 
     </span>
     <span class='ocr_line' id='line_1_4' title="bbox 175 470 1552 528; baseline -0.004 -12"><span class='ocrx_word' id='word_1_28' title='bbox 175 490 256 528; x_wconf 86' lang='grc' dir='ltr'><strong><em>μην</em></strong></span> <span class='ocrx_word' id='word_1_29' title='bbox 279 473 349 516; x_wconf 83' lang='grc' dir='ltr'><strong><em>καὶ</em></strong></span> <span class='ocrx_word' id='word_1_30' title='bbox 373 473 468 528; x_wconf 85' lang='grc' dir='ltr'><strong><em>μετὰ</em></strong></span> <span class='ocrx_word' id='word_1_31' title='bbox 493 479 573 514; x_wconf 82' lang='grc' dir='ltr'><strong><em>τῶν</em></strong></span> <span class='ocrx_word' id='word_1_32' title='bbox 598 472 774 526; x_wconf 82' lang='grc' dir='ltr'><em>ἐμαυτοῦ</em></span> <span class='ocrx_word' id='word_1_33' title='bbox 799 473 931 525; x_wconf 87' lang='grc' dir='ltr'><strong><em>φίλων</em></strong></span> <span class='ocrx_word' id='word_1_34' title='bbox 955 471 1164 526; x_wconf 79' lang='grc' dir='ltr'><strong><em>ἠρίθμουν</em></strong></span> <span class='ocrx_word' id='word_1_35' title='bbox 1197 471 1327 512; x_wconf 86' lang='grc' dir='ltr'><strong><em>καίτοι</em></strong></span> <span class='ocrx_word' id='word_1_36' title='bbox 1352 470 1552 511; x_wconf 78' lang='grc' dir='ltr'><strong><em>δοκοῦντα</em></strong></span> 
     </span>
     <span class='ocr_line' id='line_1_5' title="bbox 177 534 1550 595; baseline -0.004 -13"><span class='ocrx_word' id='word_1_37' title='bbox 177 540 361 595; x_wconf 78' lang='grc' dir='ltr'><strong><em>τετάχθαι</em></strong></span> <span class='ocrx_word' id='word_1_38' title='bbox 387 539 482 594; x_wconf 88' lang='grc' dir='ltr'><strong><em>μετὰ</em></strong></span> <span class='ocrx_word' id='word_1_39' title='bbox 507 546 588 581; x_wconf 83' lang='grc' dir='ltr'><strong><em>τῶν</em></strong></span> <span class='ocrx_word' id='word_1_40' title='bbox 612 538 823 580; x_wconf 88' lang='grc' dir='ltr'><strong><em>ἐναντίων·</em></strong></span> <span class='ocrx_word' id='word_1_41' title='bbox 851 538 901 580; x_wconf 80' lang='grc' dir='ltr'><strong><em>ού</em></strong></span> <span class='ocrx_word' id='word_1_42' title='bbox 926 537 1002 593; x_wconf 84' lang='grc' dir='ltr'><strong><em>γὰρ</em></strong></span> <span class='ocrx_word' id='word_1_43' title='bbox 1022 537 1208 588; x_wconf 82' lang='grc' dir='ltr'><strong><em>ἐτόξευες.</em></strong></span> <span class='ocrx_word' id='word_1_44' title='bbox 1241 536 1473 578; x_wconf 80' lang='grc' dir='ltr'><strong><em>ἀκόλουθον</em></strong></span> <span class='ocrx_word' id='word_1_45' title='bbox 1498 534 1550 588; x_wconf 79' lang='grc' dir='ltr'><strong><em>δὴ</em></strong></span> 
     </span>
     <span class='ocr_line' id='line_1_6' title="bbox 176 600 1605 664; baseline -0.006 -16"><span class='ocrx_word' id='word_1_46' title='bbox 176 610 229 664; x_wconf 77' lang='grc' dir='ltr'><strong><em>τῷ</em></strong></span> <span class='ocrx_word' id='word_1_47' title='bbox 251 606 336 648; x_wconf 88' lang='grc' dir='ltr'><strong><em>τότε</em></strong></span> <span class='ocrx_word' id='word_1_48' title='bbox 362 606 467 648; x_wconf 76' lang='grc' dir='ltr'><strong><em>οὕτω</em></strong></span> <span class='ocrx_word' id='word_1_49' title='bbox 494 609 663 660; x_wconf 83' lang='grc' dir='ltr'><strong><em>φρονεῖν</em></strong></span> <span class='ocrx_word' id='word_1_50' title='bbox 687 605 731 647; x_wconf 85' lang='grc' dir='ltr'><strong><em>τὸ</em></strong></span> <span class='ocrx_word' id='word_1_51' title='bbox 756 610 835 646; x_wconf 80' lang='grc' dir='ltr'><strong><em>νῦν</em></strong></span> <span class='ocrx_word' id='word_1_52' title='bbox 860 605 976 660; x_wconf 83' lang='grc' dir='ltr'><strong><em>χάριν</em></strong></span> <span class='ocrx_word' id='word_1_53' title='bbox 995 604 1131 646; x_wconf 82' lang='grc' dir='ltr'><strong><em>αἰτεῖν.</em></strong></span> <span class='ocrx_word' id='word_1_54' title='bbox 1158 603 1309 656; x_wconf 82' lang='grc' dir='ltr'><strong><em>αἰτήσω</em></strong></span> <span class='ocrx_word' id='word_1_55' title='bbox 1335 601 1378 644; x_wconf 82' lang='grc' dir='ltr'><strong><em>δὲ</em></strong></span> <span class='ocrx_word' id='word_1_56' title='bbox 1402 600 1551 651; x_wconf 83' lang='grc' dir='ltr'><strong><em>πολλὰς</em></strong></span> <span class='ocrx_word' id='word_1_57' title='bbox 1587 612 1605 639; x_wconf 78' lang='lat'><strong>⁶</strong></span> 
     </span>
     <span class='ocr_line' id='line_1_7' title="bbox 176 665 1551 730; baseline -0.004 -16"><span class='ocrx_word' id='word_1_58' title='bbox 176 671 249 725; x_wconf 73' lang='grc' dir='ltr'><strong><em>μὲν</em></strong></span> <span class='ocrx_word' id='word_1_59' title='bbox 272 671 338 714; x_wconf 82' lang='grc' dir='ltr'><strong><em>ἐπὶ</em></strong></span> <span class='ocrx_word' id='word_1_60' title='bbox 362 673 503 730; x_wconf 81' lang='grc' dir='ltr'><strong><em>ταύτῃ,</em></strong></span> <span class='ocrx_word' id='word_1_61' title='bbox 527 671 605 727; x_wconf 83' lang='grc' dir='ltr'><strong><em>πρὸ</em></strong></span> <span class='ocrx_word' id='word_1_62' title='bbox 626 669 670 712; x_wconf 79' lang='grc' dir='ltr'><strong><em>δὲ</em></strong></span> <span class='ocrx_word' id='word_1_63' title='bbox 687 676 767 713; x_wconf 79' lang='grc' dir='ltr'><strong><em>τῶν</em></strong></span> <span class='ocrx_word' id='word_1_64' title='bbox 786 669 918 712; x_wconf 70' lang='grc' dir='ltr'><strong><em>ἄλλων</em></strong></span> <span class='ocrx_word' id='word_1_65' title='bbox 937 670 1098 723; x_wconf 85' lang='grc' dir='ltr'><strong><em>ταύτην.</em></strong></span> <span class='ocrx_word' id='word_1_66' title='bbox 1134 672 1172 710; x_wconf 92' lang='grc'><strong><em>3.</em></strong></span> <span class='ocrx_word' id='word_1_67' title='bbox 1193 669 1299 711; x_wconf 77' lang='grc' dir='ltr'><strong><em>ἔστιν</em></strong></span> <span class='ocrx_word' id='word_1_68' title='bbox 1317 668 1362 711; x_wconf 84' lang='grc' dir='ltr'><strong><em>ἐν</em></strong></span> <span class='ocrx_word' id='word_1_69' title='bbox 1378 665 1551 724; x_wconf 70' lang='grc' dir='ltr'><strong><em>’Λγκύρᾳ</em></strong></span> 
     </span>
     <span class='ocr_line' id='line_1_8' title="bbox 180 734 1553 793; baseline -0.002 -14"><span class='ocrx_word' id='word_1_70' title='bbox 180 739 387 793; x_wconf 82' lang='grc' dir='ltr'><strong><em>Μάξιμος,</em></strong></span> <span class='ocrx_word' id='word_1_71' title='bbox 417 738 598 793; x_wconf 82' lang='grc' dir='ltr'><strong><em>εὐγενής,</em></strong></span> <span class='ocrx_word' id='word_1_72' title='bbox 623 736 893 793; x_wconf 77' lang='grc' dir='ltr'><strong><em>εὐγενέστερος</em></strong></span> <span class='ocrx_word' id='word_1_73' title='bbox 917 736 1099 791; x_wconf 80' lang='grc' dir='ltr'><strong><em>Κόδρου,</em></strong></span> <span class='ocrx_word' id='word_1_74' title='bbox 1124 737 1239 790; x_wconf 87' lang='grc' dir='ltr'><strong><em>φασί,</em></strong></span> <span class='ocrx_word' id='word_1_75' title='bbox 1256 739 1400 793; x_wconf 78' lang='grc' dir='ltr'><strong><em>πρᾷος,</em></strong></span> <span class='ocrx_word' id='word_1_76' title='bbox 1419 734 1463 776; x_wconf 83' lang='grc' dir='ltr'><strong><em>ἐκ</em></strong></span> <span class='ocrx_word' id='word_1_77' title='bbox 1481 740 1553 776; x_wconf 84' lang='grc' dir='ltr'><strong><em>τοῦ</em></strong></span> 
     </span>
     <span class='ocr_line' id='line_1_9' title="bbox 177 802 1553 859; baseline -0.003 -14"><span class='ocrx_word' id='word_1_78' title='bbox 177 805 336 847; x_wconf 79' lang='grc' dir='ltr'><strong><em>δικαίου</em></strong></span> <span class='ocrx_word' id='word_1_79' title='bbox 361 808 560 858; x_wconf 84' lang='grc' dir='ltr'><strong><em>πλουτῶν,</em></strong></span> <span class='ocrx_word' id='word_1_80' title='bbox 585 804 635 846; x_wconf 82' lang='grc' dir='ltr'><strong><em>οὐ</em></strong></span> <span class='ocrx_word' id='word_1_81' title='bbox 660 803 736 858; x_wconf 78' lang='grc' dir='ltr'><strong><em>τὴν</em></strong></span> <span class='ocrx_word' id='word_1_82' title='bbox 760 810 833 845; x_wconf 84' lang='grc' dir='ltr'><strong><em>τοῦ</em></strong></span> <span class='ocrx_word' id='word_1_83' title='bbox 857 804 1035 859; x_wconf 80' lang='grc' dir='ltr'><strong><em>γείτονος</em></strong></span> <span class='ocrx_word' id='word_1_84' title='bbox 1060 802 1274 857; x_wconf 82' lang='grc' dir='ltr'><strong><em>εὐχόμενος</em></strong></span> <span class='ocrx_word' id='word_1_85' title='bbox 1298 802 1553 856; x_wconf 84' lang='grc' dir='ltr'><strong><em>προσλαβεῖν,</em></strong></span> 
     </span>
     <span class='ocr_line' id='line_1_10' title="bbox 175 867 1555 925; baseline -0.003 -12"><span class='ocrx_word' id='word_1_86' title='bbox 175 867 263 912; x_wconf 79' lang='grc' dir='ltr'><strong><em>ἀλλ’</em></strong></span> <span class='ocrx_word' id='word_1_87' title='bbox 291 871 400 921; x_wconf 83' lang='grc' dir='ltr'><strong><em>ὅπως</em></strong></span> <span class='ocrx_word' id='word_1_88' title='bbox 430 870 557 913; x_wconf 79' lang='grc' dir='ltr'><strong><em>πολλὰ</em></strong></span> <span class='ocrx_word' id='word_1_89' title='bbox 587 870 759 923; x_wconf 82' lang='grc' dir='ltr'><strong><em>λήψεται</em></strong></span> <span class='ocrx_word' id='word_1_90' title='bbox 788 869 897 925; x_wconf 81' lang='grc' dir='ltr'><strong><em>παρὰ</em></strong></span> <span class='ocrx_word' id='word_1_91' title='bbox 928 875 1009 911; x_wconf 83' lang='grc' dir='ltr'><strong><em>τῶν</em></strong></span> <span class='ocrx_word' id='word_1_92' title='bbox 1040 868 1166 911; x_wconf 78' lang='grc' dir='ltr'><strong><em>αὑτοῦ</em></strong></span> <span class='ocrx_word' id='word_1_93' title='bbox 1196 875 1405 924; x_wconf 83' lang='grc' dir='ltr'><strong><em>προνοῶν,</em></strong></span> <span class='ocrx_word' id='word_1_94' title='bbox 1436 868 1555 920; x_wconf 90' lang='grc' dir='ltr'><strong><em>φίλος</em></strong></span> 
     </span>
     <span class='ocr_line' id='line_1_11' title="bbox 178 933 1609 994; baseline -0.003 -15"><span class='ocrx_word' id='word_1_95' title='bbox 178 937 281 993; x_wconf 77' lang='grc' dir='ltr'><strong><em>ἀνὴρ</em></strong></span> <span class='ocrx_word' id='word_1_96' title='bbox 306 938 492 993; x_wconf 82' lang='grc' dir='ltr'><strong><em>Δήμητρι</em></strong></span> <span class='ocrx_word' id='word_1_97' title='bbox 517 936 589 991; x_wconf 83' lang='grc' dir='ltr'><strong><em>μὲν</em></strong></span> <span class='ocrx_word' id='word_1_98' title='bbox 615 937 682 978; x_wconf 78' lang='grc' dir='ltr'><strong><em>διὰ</em></strong></span> <span class='ocrx_word' id='word_1_99' title='bbox 705 936 749 979; x_wconf 89' lang='grc' dir='ltr'><strong><em>τὸ</em></strong></span> <span class='ocrx_word' id='word_1_100' title='bbox 767 937 939 994; x_wconf 76' lang='grc' dir='ltr'><strong><em>γεωργίᾳ</em></strong></span> <span class='ocrx_word' id='word_1_101' title='bbox 957 935 1177 991; x_wconf 84' lang='grc' dir='ltr'><strong><em>προσέχειν,</em></strong></span> <span class='ocrx_word' id='word_1_102' title='bbox 1203 934 1397 991; x_wconf 73' lang='grc' dir='ltr'><strong><em>Ἀρτέμιδι</em></strong></span> <span class='ocrx_word' id='word_1_103' title='bbox 1422 933 1465 976; x_wconf 84' lang='grc' dir='ltr'><strong><em>δὲ</em></strong></span> <span class='ocrx_word' id='word_1_104' title='bbox 1484 933 1552 976; x_wconf 80' lang='grc' dir='ltr'><strong><em>διὰ</em></strong></span> <span class='ocrx_word' id='word_1_105' title='bbox 1573 944 1609 971; x_wconf 85' lang='grc'><strong><em>10</em></strong></span> 
     </span>
     <span class='ocr_line' id='line_1_12' title="bbox 178 999 1555 1059; baseline -0.002 -14"><span class='ocrx_word' id='word_1_106' title='bbox 178 1003 253 1058; x_wconf 81' lang='grc' dir='ltr'><strong><em>τὴν</em></strong></span> <span class='ocrx_word' id='word_1_107' title='bbox 285 1004 440 1058; x_wconf 79' lang='grc' dir='ltr'><strong><em>θήραν·</em></strong></span> <span class='ocrx_word' id='word_1_108' title='bbox 476 1011 556 1046; x_wconf 84' lang='grc' dir='ltr'><strong><em>τῶν</em></strong></span> <span class='ocrx_word' id='word_1_109' title='bbox 589 1003 665 1059; x_wconf 83' lang='grc' dir='ltr'><strong><em>γὰρ</em></strong></span> <span class='ocrx_word' id='word_1_110' title='bbox 700 1003 837 1045; x_wconf 82' lang='grc' dir='ltr'><strong><em>ὅπλων</em></strong></span> <span class='ocrx_word' id='word_1_111' title='bbox 871 999 934 1052; x_wconf 83' lang='grc' dir='ltr'><strong><em>οἷς</em></strong></span> <span class='ocrx_word' id='word_1_112' title='bbox 971 1018 1067 1044; x_wconf 88' lang='grc' dir='ltr'><strong><em>ποτε</em></strong></span> <span class='ocrx_word' id='word_1_113' title='bbox 1105 1002 1307 1056; x_wconf 78' lang='grc' dir='ltr'><strong><em>ἐκοσμεῖτο</em></strong></span> <span class='ocrx_word' id='word_1_114' title='bbox 1338 1000 1555 1055; x_wconf 80' lang='grc' dir='ltr'><strong><em>ἀφειμένος</em></strong></span> 
     </span>
     <span class='ocr_line' id='line_1_13' title="bbox 180 1065 1550 1124; baseline -0.001 -13"><span class='ocrx_word' id='word_1_115' title='bbox 180 1070 330 1120; x_wconf 78' lang='grc' dir='ltr'><strong><em>ἵππους</em></strong></span> <span class='ocrx_word' id='word_1_116' title='bbox 362 1069 432 1111; x_wconf 80' lang='grc' dir='ltr'><strong><em>καὶ</em></strong></span> <span class='ocrx_word' id='word_1_117' title='bbox 463 1071 590 1119; x_wconf 86' lang='grc' dir='ltr'><strong><em>κύνας</em></strong></span> <span class='ocrx_word' id='word_1_118' title='bbox 619 1069 685 1111; x_wconf 86' lang='grc' dir='ltr'><strong><em>ἐπὶ</em></strong></span> <span class='ocrx_word' id='word_1_119' title='bbox 715 1069 763 1110; x_wconf 84' lang='grc' dir='ltr'><strong><em>τὰ</em></strong></span> <span class='ocrx_word' id='word_1_120' title='bbox 793 1070 923 1124; x_wconf 80' lang='grc' dir='ltr'><strong><em>θηρία</em></strong></span> <span class='ocrx_word' id='word_1_121' title='bbox 951 1067 1097 1124; x_wconf 84' lang='grc' dir='ltr'><strong><em>τρέφει,</em></strong></span> <span class='ocrx_word' id='word_1_122' title='bbox 1136 1068 1383 1122; x_wconf 85' lang='grc' dir='ltr'><strong><em>φαινόμενος</em></strong></span> <span class='ocrx_word' id='word_1_123' title='bbox 1414 1066 1457 1110; x_wconf 77' lang='grc' dir='ltr'><strong><em>δὲ</em></strong></span> <span class='ocrx_word' id='word_1_124' title='bbox 1487 1065 1550 1109; x_wconf 86' lang='grc' dir='ltr'><strong><em>ἐπ’</em></strong></span> 
     </span>
     <span class='ocr_line' id='line_1_14' title="bbox 179 1133 1554 1192; baseline -0.001 -15"><span class='ocrx_word' id='word_1_125' title='bbox 179 1136 329 1192; x_wconf 82' lang='grc' dir='ltr'><strong><em>ἀγορᾶς</em></strong></span> <span class='ocrx_word' id='word_1_126' title='bbox 354 1135 532 1192; x_wconf 79' lang='grc' dir='ltr'><strong><em>ὀλιγάκις</em></strong></span> <span class='ocrx_word' id='word_1_127' title='bbox 557 1135 729 1190; x_wconf 85' lang='grc' dir='ltr'><strong><em>ἐλύπησε</em></strong></span> <span class='ocrx_word' id='word_1_128' title='bbox 754 1134 828 1190; x_wconf 86' lang='grc' dir='ltr'><strong><em>μὲν</em></strong></span> <span class='ocrx_word' id='word_1_129' title='bbox 854 1134 1017 1189; x_wconf 79' lang='grc' dir='ltr'><strong><em>οὐδένα,</em></strong></span> <span class='ocrx_word' id='word_1_130' title='bbox 1042 1139 1096 1192; x_wconf 82' lang='grc' dir='ltr'><strong><em>τῷ</em></strong></span> <span class='ocrx_word' id='word_1_131' title='bbox 1126 1141 1310 1189; x_wconf 82' lang='grc' dir='ltr'><strong><em>φανῆναι</em></strong></span> <span class='ocrx_word' id='word_1_132' title='bbox 1334 1133 1377 1176; x_wconf 82' lang='grc' dir='ltr'><strong><em>δὲ</em></strong></span> <span class='ocrx_word' id='word_1_133' title='bbox 1402 1135 1554 1188; x_wconf 82' lang='grc' dir='ltr'><strong><em>εὐφρά-</em></strong></span> 
     </span>
     <span class='ocr_line' id='line_1_15' title="bbox 182 1200 1554 1258; baseline -0.002 -14"><span class='ocrx_word' id='word_1_134' title='bbox 182 1219 254 1253; x_wconf 87' lang='grc' dir='ltr'><strong><em>νας</em></strong></span> <span class='ocrx_word' id='word_1_135' title='bbox 279 1202 466 1258; x_wconf 79' lang='grc' dir='ltr'><strong><em>ἀπῆλθεν</em></strong></span> <span class='ocrx_word' id='word_1_136' title='bbox 486 1204 537 1244; x_wconf 65' lang='grc' dir='ltr'><strong><em>’ὲν</em></strong></span> <span class='ocrx_word' id='word_1_137' title='bbox 561 1209 679 1244; x_wconf 85' lang='grc' dir='ltr'><strong><em>τοῦτο</em></strong></span> <span class='ocrx_word' id='word_1_138' title='bbox 704 1202 1016 1257; x_wconf 80' lang='grc' dir='ltr'><strong><em>ἐγκαλούμενος,</em></strong></span> <span class='ocrx_word' id='word_1_139' title='bbox 1051 1202 1111 1243; x_wconf 78' lang='grc' dir='ltr'><strong><em>ὅτι</em></strong></span> <span class='ocrx_word' id='word_1_140' title='bbox 1141 1201 1242 1257; x_wconf 89' lang='grc' dir='ltr'><strong><em>πρὸς</em></strong></span> <span class='ocrx_word' id='word_1_141' title='bbox 1273 1200 1423 1256; x_wconf 83' lang='grc' dir='ltr'><strong><em>ἀγροὺς</em></strong></span> <span class='ocrx_word' id='word_1_142' title='bbox 1453 1201 1554 1242; x_wconf 84' lang='grc' dir='ltr'><strong><em>ἀπο-</em></strong></span> 
     </span>
     <span class='ocr_line' id='line_1_16' title="bbox 180 1264 1609 1325; baseline -0.003 -14"><span class='ocrx_word' id='word_1_143' title='bbox 180 1268 314 1325; x_wconf 79' lang='grc' dir='ltr'><strong><em>τρέχει.</em></strong></span> <span class='ocrx_word' id='word_1_144' title='bbox 359 1272 399 1310; x_wconf 90' lang='grc'><strong><em>4.</em></strong></span> <span class='ocrx_word' id='word_1_145' title='bbox 432 1264 550 1318; x_wconf 81' lang='grc' dir='ltr'><strong><em>οὗτος</em></strong></span> <span class='ocrx_word' id='word_1_146' title='bbox 586 1267 607 1310; x_wconf 83' lang='grc' dir='ltr'>ὁ</span> <span class='ocrx_word' id='word_1_147' title='bbox 643 1269 838 1323; x_wconf 79' lang='grc' dir='ltr'><strong><em>Μάξιμος</em></strong></span> <span class='ocrx_word' id='word_1_148' title='bbox 874 1267 988 1318; x_wconf 80' lang='grc' dir='ltr'><strong><em>ξένος</em></strong></span> <span class='ocrx_word' id='word_1_149' title='bbox 1022 1283 1090 1322; x_wconf 89' lang='grc' dir='ltr'><strong><em>μοι</em></strong></span> <span class='ocrx_word' id='word_1_150' title='bbox 1122 1268 1297 1323; x_wconf 64' lang='grc' dir='ltr'><strong><em>γύγνεται</em></strong></span> <span class='ocrx_word' id='word_1_151' title='bbox 1330 1267 1454 1308; x_wconf 81' lang='grc' dir='ltr'><strong><em>πάλαι</em></strong></span> <span class='ocrx_word' id='word_1_152' title='bbox 1486 1265 1554 1308; x_wconf 82' lang='grc' dir='ltr'><strong><em>καὶ</em></strong></span> <span class='ocrx_word' id='word_1_153' title='bbox 1574 1277 1609 1301; x_wconf 79' lang='grc'><strong><em>15</em></strong></span> 
     </span>
     <span class='ocr_line' id='line_1_17' title="bbox 179 1330 1555 1390; baseline -0.001 -14"><span class='ocrx_word' id='word_1_154' title='bbox 179 1335 274 1386; x_wconf 78' lang='grc' dir='ltr'><strong><em>τοὺς</em></strong></span> <span class='ocrx_word' id='word_1_155' title='bbox 296 1336 397 1385; x_wconf 78' lang='grc' dir='ltr'><strong><em>υἱεῖς</em></strong></span> <span class='ocrx_word' id='word_1_156' title='bbox 422 1335 666 1390; x_wconf 83' lang='grc' dir='ltr'><strong><em>ἐνεχείρισεν.</em></strong></span> <span class='ocrx_word' id='word_1_157' title='bbox 702 1330 762 1377; x_wconf 79' lang='grc' dir='ltr'><strong><em>ὧν</em></strong></span> <span class='ocrx_word' id='word_1_158' title='bbox 793 1333 815 1377; x_wconf 84' lang='grc' dir='ltr'><strong><em>ὃ</em></strong></span> <span class='ocrx_word' id='word_1_159' title='bbox 847 1334 1114 1390; x_wconf 88' lang='grc' dir='ltr'><strong><em>πρεσβύτερος</em></strong></span> <span class='ocrx_word' id='word_1_160' title='bbox 1146 1333 1292 1389; x_wconf 81' lang='grc' dir='ltr'><strong><em>ἀρετὴν</em></strong></span> <span class='ocrx_word' id='word_1_161' title='bbox 1322 1333 1367 1375; x_wconf 79' lang='grc' dir='ltr'><strong><em>ἐν</em></strong></span> <span class='ocrx_word' id='word_1_162' title='bbox 1400 1334 1555 1387; x_wconf 90' lang='grc' dir='ltr'><strong><em>νεότητι</em></strong></span> 
     </span>
     <span class='ocr_line' id='line_1_18' title="bbox 179 1400 1554 1456; baseline -0.002 -13"><span class='ocrx_word' id='word_1_163' title='bbox 179 1403 311 1453; x_wconf 80' lang='grc' dir='ltr'><strong><em>δείξας</em></strong></span> <span class='ocrx_word' id='word_1_164' title='bbox 345 1401 501 1455; x_wconf 85' lang='grc' dir='ltr'><strong><em>πολλὴν</em></strong></span> <span class='ocrx_word' id='word_1_165' title='bbox 534 1401 626 1456; x_wconf 85' lang='grc' dir='ltr'><strong><em>ἐμοί</em></strong></span> <span class='ocrx_word' id='word_1_166' title='bbox 656 1416 696 1443; x_wconf 95' lang='grc' dir='ltr'><strong><em>τε</em></strong></span> <span class='ocrx_word' id='word_1_167' title='bbox 728 1400 798 1443; x_wconf 82' lang='grc' dir='ltr'><strong><em>καὶ</em></strong></span> <span class='ocrx_word' id='word_1_168' title='bbox 832 1405 916 1451; x_wconf 85' lang='grc' dir='ltr'><strong><em>τοῖς</em></strong></span> <span class='ocrx_word' id='word_1_169' title='bbox 951 1401 1078 1443; x_wconf 81' lang='grc' dir='ltr'><strong><em>αὑτοῦ</em></strong></span> <span class='ocrx_word' id='word_1_170' title='bbox 1109 1407 1273 1456; x_wconf 83' lang='grc' dir='ltr'><strong><em>γονεῦσι</em></strong></span> <span class='ocrx_word' id='word_1_171' title='bbox 1304 1400 1380 1454; x_wconf 81' lang='grc' dir='ltr'><strong><em>τὴν</em></strong></span> <span class='ocrx_word' id='word_1_172' title='bbox 1412 1401 1554 1453; x_wconf 87' lang='grc' dir='ltr'><strong><em>φιλίαν</em></strong></span> 
     </span>
     <span class='ocr_line' id='line_1_19' title="bbox 179 1465 1556 1524; baseline -0.001 -15"><span class='ocrx_word' id='word_1_173' title='bbox 179 1472 304 1522; x_wconf 86' lang='grc' dir='ltr'><strong><em>ποιεῖ,</em></strong></span> <span class='ocrx_word' id='word_1_174' title='bbox 329 1465 384 1510; x_wconf 87' lang='grc' dir='ltr'><strong><em>δι’</em></strong></span> <span class='ocrx_word' id='word_1_175' title='bbox 413 1466 467 1521; x_wconf 75' lang='grc' dir='ltr'><strong><em>ἣν</em></strong></span> <span class='ocrx_word' id='word_1_176' title='bbox 491 1467 640 1510; x_wconf 81' lang='grc' dir='ltr'><strong><em>ἐκεῖνοί</em></strong></span> <span class='ocrx_word' id='word_1_177' title='bbox 662 1483 701 1509; x_wconf 89' lang='grc' dir='ltr'><strong><em>τε</em></strong></span> <span class='ocrx_word' id='word_1_178' title='bbox 735 1467 840 1521; x_wconf 80' lang='grc' dir='ltr'><strong><em>τάμὰ</em></strong></span> <span class='ocrx_word' id='word_1_179' title='bbox 870 1474 951 1509; x_wconf 83' lang='grc' dir='ltr'><strong><em>τῶν</em></strong></span> <span class='ocrx_word' id='word_1_180' title='bbox 982 1467 1117 1509; x_wconf 79' lang='grc' dir='ltr'><strong><em>αὐτῶν</em></strong></span> <span class='ocrx_word' id='word_1_181' title='bbox 1147 1467 1319 1524; x_wconf 86' lang='grc' dir='ltr'><strong><em>πρότερα</em></strong></span> <span class='ocrx_word' id='word_1_182' title='bbox 1343 1473 1556 1508; x_wconf 80' lang='grc' dir='ltr'><strong><em>ποιοῦνται</em></strong></span> 
     </span>
     <span class='ocr_line' id='line_1_20' title="bbox 179 1529 1554 1589; baseline -0.001 -13"><span class='ocrx_word' id='word_1_183' title='bbox 179 1531 275 1589; x_wconf 86' lang='grc' dir='ltr'><strong><em>παρ’</em></strong></span> <span class='ocrx_word' id='word_1_184' title='bbox 311 1533 404 1588; x_wconf 82' lang='grc' dir='ltr'><strong><em>ἐμοί</em></strong></span> <span class='ocrx_word' id='word_1_185' title='bbox 430 1550 470 1575; x_wconf 92' lang='grc' dir='ltr'><strong><em>τε</em></strong></span> <span class='ocrx_word' id='word_1_186' title='bbox 506 1534 626 1577; x_wconf 80' lang='grc' dir='ltr'><strong><em>ταύτὸ</em></strong></span> <span class='ocrx_word' id='word_1_187' title='bbox 657 1538 802 1589; x_wconf 84' lang='grc' dir='ltr'><strong><em>κρατεῖ.</em></strong></span> <span class='ocrx_word' id='word_1_188' title='bbox 840 1529 885 1575; x_wconf 80' lang='grc' dir='ltr'><strong><em>εὖ</em></strong></span> <span class='ocrx_word' id='word_1_189' title='bbox 916 1533 992 1589; x_wconf 82' lang='grc' dir='ltr'><strong><em>γὰρ</em></strong></span> <span class='ocrx_word' id='word_1_190' title='bbox 1025 1534 1132 1588; x_wconf 83' lang='grc' dir='ltr'><strong><em>ἴσθι,</em></strong></span> <span class='ocrx_word' id='word_1_191' title='bbox 1165 1537 1316 1587; x_wconf 84' lang='grc' dir='ltr'><strong><em>μᾶλλον</em></strong></span> <span class='ocrx_word' id='word_1_192' title='bbox 1345 1532 1554 1589; x_wconf 77' lang='grc' dir='ltr'><strong><em>εὐεργέτην</em></strong></span> 
     </span>
     <span class='ocr_line' id='line_1_21' title="bbox 179 1598 1610 1658; baseline 0 -17"><span class='ocrx_word' id='word_1_193' title='bbox 179 1599 263 1655; x_wconf 74' lang='grc' dir='ltr'><strong><em>ἄγω</em></strong></span> <span class='ocrx_word' id='word_1_194' title='bbox 286 1600 358 1642; x_wconf 84' lang='grc' dir='ltr'><strong><em>τὸν</em></strong></span> <span class='ocrx_word' id='word_1_195' title='bbox 382 1600 439 1650; x_wconf 84' lang='grc' dir='ltr'><strong><em>εἰς</em></strong></span> <span class='ocrx_word' id='word_1_196' title='bbox 471 1600 664 1642; x_wconf 84' lang='grc' dir='ltr'><strong><em>τάκείνων</em></strong></span> <span class='ocrx_word' id='word_1_197' title='bbox 695 1601 854 1658; x_wconf 82' lang='grc' dir='ltr'><strong><em>σπουδῇ</em></strong></span> <span class='ocrx_word' id='word_1_198' title='bbox 885 1600 1092 1654; x_wconf 81' lang='grc' dir='ltr'><strong><em>χρώμενον</em></strong></span> <span class='ocrx_word' id='word_1_199' title='bbox 1122 1598 1149 1653; x_wconf 78' lang='grc' dir='ltr'><strong>ἢ</strong></span> <span class='ocrx_word' id='word_1_200' title='bbox 1184 1600 1292 1649; x_wconf 82' lang='grc' dir='ltr'><strong><em>ὅστις</em></strong></span> <span class='ocrx_word' id='word_1_201' title='bbox 1321 1598 1422 1655; x_wconf 78' lang='grc' dir='ltr'><strong><em>ὑπὲρ</em></strong></span> <span class='ocrx_word' id='word_1_202' title='bbox 1454 1599 1553 1653; x_wconf 82' lang='grc' dir='ltr'><strong><em>ἐμοῦ</em></strong></span> <span class='ocrx_word' id='word_1_203' title='bbox 1573 1607 1610 1632; x_wconf 76' lang='lat'><strong><em>²0</em></strong></span> 
     </span>
     <span class='ocr_line' id='line_1_22' title="bbox 180 1665 1552 1723; baseline -0.001 -15"><span class='ocrx_word' id='word_1_204' title='bbox 180 1667 401 1717; x_wconf 78' lang='grc' dir='ltr'><strong><em>κινδύνους</em></strong></span> <span class='ocrx_word' id='word_1_205' title='bbox 426 1668 606 1722; x_wconf 80' lang='grc' dir='ltr'><strong><em>αἱρεῖται.</em></strong></span> <span class='ocrx_word' id='word_1_206' title='bbox 645 1670 683 1709; x_wconf 84' lang='grc'><strong><em>5.</em></strong></span> <span class='ocrx_word' id='word_1_207' title='bbox 708 1668 882 1708; x_wconf 84' lang='grc' dir='ltr'><strong><em>πιστεύω</em></strong></span> <span class='ocrx_word' id='word_1_208' title='bbox 908 1666 952 1709; x_wconf 84' lang='grc' dir='ltr'><strong><em>δὲ</em></strong></span> <span class='ocrx_word' id='word_1_209' title='bbox 976 1673 1075 1720; x_wconf 85' lang='grc' dir='ltr'><strong><em>νῦν,</em></strong></span> <span class='ocrx_word' id='word_1_210' title='bbox 1107 1667 1216 1721; x_wconf 86' lang='grc' dir='ltr'><strong><em>εἴπερ</em></strong></span> <span class='ocrx_word' id='word_1_211' title='bbox 1247 1665 1362 1718; x_wconf 84' lang='grc' dir='ltr'><strong><em>ποτέ,</em></strong></span> <span class='ocrx_word' id='word_1_212' title='bbox 1387 1666 1431 1707; x_wconf 88' lang='grc' dir='ltr'><strong><em>ἐν</em></strong></span> <span class='ocrx_word' id='word_1_213' title='bbox 1457 1669 1552 1723; x_wconf 81' lang='grc' dir='ltr'><strong><em>τιμῇ</em></strong></span> 
     </span>
     <span class='ocr_line' id='line_1_23' title="bbox 180 1732 1554 1789; baseline -0.001 -15"><span class='ocrx_word' id='word_1_214' title='bbox 180 1733 250 1774; x_wconf 85' lang='grc' dir='ltr'><strong><em>τὸν</em></strong></span> <span class='ocrx_word' id='word_1_215' title='bbox 274 1732 403 1789; x_wconf 76' lang='grc' dir='ltr'><strong><em>ἄνδρα</em></strong></span> <span class='ocrx_word' id='word_1_216' title='bbox 427 1733 602 1775; x_wconf 77' lang='grc' dir='ltr'><strong><em>ἔσεσθαι.</em></strong></span> <span class='ocrx_word' id='word_1_217' title='bbox 633 1734 805 1775; x_wconf 86' lang='grc' dir='ltr'><strong><em>πιστεύω</em></strong></span> <span class='ocrx_word' id='word_1_218' title='bbox 837 1732 912 1788; x_wconf 81' lang='grc' dir='ltr'><strong><em>γὰρ</em></strong></span> <span class='ocrx_word' id='word_1_219' title='bbox 944 1733 1065 1783; x_wconf 79' lang='grc' dir='ltr'><strong><em>αὐτὸς</em></strong></span> <span class='ocrx_word' id='word_1_220' title='bbox 1096 1732 1171 1775; x_wconf 76' lang='grc' dir='ltr'><strong><em>οὐκ</em></strong></span> <span class='ocrx_word' id='word_1_221' title='bbox 1201 1732 1246 1774; x_wconf 86' lang='grc' dir='ltr'><strong><em>ἐν</em></strong></span> <span class='ocrx_word' id='word_1_222' title='bbox 1278 1733 1420 1789; x_wconf 82' lang='grc' dir='ltr'><strong><em>φαύλῳ</em></strong></span> <span class='ocrx_word' id='word_1_223' title='bbox 1445 1732 1554 1786; x_wconf 79' lang='grc' dir='ltr'><strong><em>παρὰ</em></strong></span> 
     </span>
     <span class='ocr_line' id='line_1_24' title="bbox 181 1797 1553 1854; baseline -0.001 -14"><span class='ocrx_word' id='word_1_224' title='bbox 181 1798 245 1841; x_wconf 80' lang='grc' dir='ltr'><strong><em>σοὶ</em></strong></span> <span class='ocrx_word' id='word_1_225' title='bbox 268 1803 439 1841; x_wconf 83' lang='grc' dir='ltr'><strong><em>κεῖσθαι.</em></strong></span> <span class='ocrx_word' id='word_1_226' title='bbox 472 1804 555 1849; x_wconf 89' lang='grc' dir='ltr'><strong><em>τοῖς</em></strong></span> <span class='ocrx_word' id='word_1_227' title='bbox 580 1798 653 1853; x_wconf 81' lang='grc' dir='ltr'><strong><em>μὲν</em></strong></span> <span class='ocrx_word' id='word_1_228' title='bbox 682 1799 758 1854; x_wconf 86' lang='grc' dir='ltr'><strong><em>γὰρ</em></strong></span> <span class='ocrx_word' id='word_1_229' title='bbox 790 1799 866 1841; x_wconf 79' lang='grc' dir='ltr'><strong><em>οὐκ</em></strong></span> <span class='ocrx_word' id='word_1_230' title='bbox 895 1798 1071 1854; x_wconf 82' lang='grc' dir='ltr'><strong><em>ἀγαθοῖς</em></strong></span> <span class='ocrx_word' id='word_1_231' title='bbox 1100 1797 1267 1853; x_wconf 65' lang='grc' dir='ltr'><strong><em>ἄρχουσι</em></strong></span> <span class='ocrx_word' id='word_1_232' title='bbox 1297 1799 1449 1854; x_wconf 88' lang='grc' dir='ltr'><strong><em>βραχὺς</em></strong></span> <span class='ocrx_word' id='word_1_233' title='bbox 1473 1805 1553 1839; x_wconf 83' lang='grc' dir='ltr'><strong><em>τῶν</em></strong></span> 
     </span>
     <span class='ocr_line' id='line_1_25' title="bbox 180 1863 1554 1921; baseline -0.001 -14"><span class='ocrx_word' id='word_1_234' title='bbox 180 1864 307 1919; x_wconf 78' lang='grc' dir='ltr'><strong><em>λέγειν</em></strong></span> <span class='ocrx_word' id='word_1_235' title='bbox 331 1865 603 1919; x_wconf 85' lang='grc' dir='ltr'><strong><em>ἐπισταμένων</em></strong></span> <span class='ocrx_word' id='word_1_236' title='bbox 626 1866 763 1921; x_wconf 86' lang='grc' dir='ltr'><strong><em>λόγος,</em></strong></span> <span class='ocrx_word' id='word_1_237' title='bbox 795 1866 1007 1919; x_wconf 88' lang='grc' dir='ltr'><strong><em>βούλοιντο</em></strong></span> <span class='ocrx_word' id='word_1_238' title='bbox 1033 1864 1108 1921; x_wconf 86' lang='grc' dir='ltr'><strong><em>γὰρ</em></strong></span> <span class='ocrx_word' id='word_1_239' title='bbox 1133 1863 1185 1906; x_wconf 74' lang='grc' dir='ltr'><strong><em>ἂν</em></strong></span> <span class='ocrx_word' id='word_1_240' title='bbox 1210 1864 1259 1906; x_wconf 81' lang='grc' dir='ltr'><strong><em>τὰ</em></strong></span> <span class='ocrx_word' id='word_1_241' title='bbox 1283 1864 1417 1906; x_wconf 82' lang='grc' dir='ltr'><strong><em>αὑτῶν</em></strong></span> <span class='ocrx_word' id='word_1_242' title='bbox 1443 1872 1554 1920; x_wconf 87' lang='grc' dir='ltr'><strong><em>σιγᾶ-</em></strong></span> 
     </span>
    </p>
   </div>
   <div class='ocr_carea' id='block_1_3' title="bbox 180 1941 469 1947">
    <p class='ocr_par' dir='ltr' id='par_1_3' title="bbox 180 1941 469 1947">
     <span class='ocr_line' id='line_1_26' title="bbox 180 1941 469 1947; baseline 0 0"><span class='ocrx_word' id='word_1_243' title='bbox 180 1941 469 1947; x_wconf 95' lang='lat' dir='ltr'><strong><em> </em></strong></span> 
     </span>
    </p>
   </div>
   <div class='ocr_carea' id='block_1_4' title="bbox 181 1969 1555 2064">
    <p class='ocr_par' dir='ltr' id='par_1_4' title="bbox 181 1969 1555 2064">
     <span class='ocr_line' id='line_1_27' title="bbox 202 1969 1555 2054; baseline -0.001 -48"><span class='ocrx_word' id='word_1_244' title='bbox 202 2019 220 2053; x_wconf 70' lang='lat' dir='ltr'>f</span> <span class='ocrx_word' id='word_1_245' title='bbox 254 1975 275 2006; x_wconf 84' lang='lat'><strong>6</strong></span> <span class='ocrx_word' id='word_1_246' title='bbox 302 1970 422 2054; x_wconf 55' lang='grc' dir='ltr'>δξξιέξ</span> <span class='ocrx_word' id='word_1_247' title='bbox 440 1974 512 2007; x_wconf 81' lang='lat'><strong><em>210</em></strong></span> <span class='ocrx_word' id='word_1_248' title='bbox 574 1973 595 2006; x_wconf 77' lang='lat'>7</span> <span class='ocrx_word' id='word_1_249' title='bbox 621 1970 669 2007; x_wconf 85' lang='lat' dir='ltr'><strong><em>of.</em></strong></span> <span class='ocrx_word' id='word_1_250' title='bbox 689 1981 749 2016; x_wconf 82' lang='lat' dir='ltr'><strong><em>ep.</em></strong></span> <span class='ocrx_word' id='word_1_251' title='bbox 768 1973 850 2007; x_wconf 84' lang='lat'>801.</span> <span class='ocrx_word' id='word_1_252' title='bbox 878 1969 1081 2007; x_wconf 74' lang='lat' dir='ltr'><strong>Salzmann</strong></span> <span class='ocrx_word' id='word_1_253' title='bbox 1108 1973 1155 2006; x_wconf 84' lang='lat'><strong><em>24</em></strong></span> <span class='ocrx_word' id='word_1_254' title='bbox 1225 1973 1269 2006; x_wconf 87' lang='grc'><strong><em>16</em></strong></span> <span class='ocrx_word' id='word_1_255' title='bbox 1295 1969 1555 2016; x_wconf 76' lang='lat' dir='ltr'><strong>Hyporechius</strong></span> 
     </span>
     <span class='ocr_line' id='line_1_28' title="bbox 181 2030 305 2064; baseline 0.008 -11"><span class='ocrx_word' id='word_1_256' title='bbox 181 2030 200 2053; x_wconf 90' lang='lat' dir='ltr'><strong>c</strong></span> <span class='ocrx_word' id='word_1_257' title='bbox 218 2048 226 2054; x_wconf 88' lang='lat'><em>.</em></span> <span class='ocrx_word' id='word_1_258' title='bbox 246 2030 305 2064; x_wconf 81' lang='lat' dir='ltr'><strong><em>ep.</em></strong></span> 
     </span>
    </p>
   </div>
   <div class='ocr_carea' id='block_1_5' title="bbox 206 2085 471 2092">
    <p class='ocr_par' dir='ltr' id='par_1_5' title="bbox 206 2085 471 2092">
     <span class='ocr_line' id='line_1_29' title="bbox 206 2085 471 2092; baseline 0 872"><span class='ocrx_word' id='word_1_259' title='bbox 206 2085 471 2092; x_wconf 95' lang='lat' dir='ltr'><strong><em> </em></strong></span> 
     </span>
    </p>
   </div>
   <div class='ocr_carea' id='block_1_6' title="bbox 182 2123 1530 2270">
    <p class='ocr_par' dir='ltr' id='par_1_6' title="bbox 182 2123 1530 2270">
     <span class='ocr_line' id='line_1_30' title="bbox 255 2123 1463 2173; baseline 0 -11"><span class='ocrx_word' id='word_1_260' title='bbox 255 2131 274 2163; x_wconf 88' lang='lat'><strong>1</strong></span> <span class='ocrx_word' id='word_1_261' title='bbox 301 2125 396 2172; x_wconf 72' lang='grc' dir='ltr'><strong><em>ὑπὲρ</em></strong></span> <span class='ocrx_word' id='word_1_262' title='bbox 421 2126 558 2173; x_wconf 80' lang='lat' dir='ltr'><strong>scripsi</strong></span> <span class='ocrx_word' id='word_1_263' title='bbox 582 2136 603 2163; x_wconf 80' lang='lat' dir='ltr'>e</span> <span class='ocrx_word' id='word_1_264' title='bbox 627 2126 834 2164; x_wconf 85' lang='lat' dir='ltr'><strong><em>VVaVoD</em></strong></span> <span class='ocrx_word' id='word_1_265' title='bbox 870 2123 963 2171; x_wconf 78' lang='grc' dir='ltr'><strong><em>παρ’</em></strong></span> <span class='ocrx_word' id='word_1_266' title='bbox 988 2126 1018 2163; x_wconf 80' lang='lat' dir='ltr'><strong><em>S</em></strong></span> <span class='ocrx_word' id='word_1_267' title='bbox 1051 2126 1138 2172; x_wconf 68' lang='grc' dir='ltr'><strong><em>περὶ</em></strong></span> <span class='ocrx_word' id='word_1_268' title='bbox 1165 2126 1329 2163; x_wconf 70' lang='lat' dir='ltr'><strong><em>WVs&#39;nd</em></strong></span> <span class='ocrx_word' id='word_1_269' title='bbox 1352 2125 1463 2162; x_wconf 83' lang='lat' dir='ltr'>Wolf</span> 
     </span>
     <span class='ocr_line' id='line_1_31' title="bbox 182 2172 1501 2221; baseline 0.002 -11"><span class='ocrx_word' id='word_1_270' title='bbox 182 2177 204 2210; x_wconf 80' lang='lat'><strong>5</strong></span> <span class='ocrx_word' id='word_1_271' title='bbox 228 2175 280 2210; x_wconf 74' lang='grc' dir='ltr'><strong><em>τὼ</em></strong></span> <span class='ocrx_word' id='word_1_272' title='bbox 305 2174 380 2221; x_wconf 71' lang='lat' dir='ltr'><strong><em>W!</em></strong></span> <span class='ocrx_word' id='word_1_273' title='bbox 400 2172 490 2211; x_wconf 86' lang='grc' dir='ltr'><strong><em>τόθ’</em></strong></span> <span class='ocrx_word' id='word_1_274' title='bbox 521 2175 574 2212; x_wconf 98' lang='grc' dir='ltr'><em>Ψ</em></span> <span class='ocrx_word' id='word_1_275' title='bbox 591 2173 701 2211; x_wconf 84' lang='lat' dir='ltr'>Wolf</span> <span class='ocrx_word' id='word_1_276' title='bbox 772 2178 792 2210; x_wconf 82' lang='grc'><strong>7</strong></span> <span class='ocrx_word' id='word_1_277' title='bbox 817 2179 941 2220; x_wconf 81' lang='grc' dir='ltr'><strong><em>πρᾶος</em></strong></span> <span class='ocrx_word' id='word_1_278' title='bbox 966 2174 1158 2211; x_wconf 75' lang='lat' dir='ltr'><strong><em>SVimdD</em></strong></span> <span class='ocrx_word' id='word_1_279' title='bbox 1231 2177 1255 2210; x_wconf 89' lang='lat'>8</span> <span class='ocrx_word' id='word_1_280' title='bbox 1278 2179 1347 2210; x_wconf 81' lang='grc' dir='ltr'><strong><em>τοῦ</em></strong></span> <span class='ocrx_word' id='word_1_281' title='bbox 1373 2185 1435 2211; x_wconf 88' lang='lat' dir='ltr'><strong><em>om</em></strong></span> <span class='ocrx_word' id='word_1_282' title='bbox 1459 2175 1501 2212; x_wconf 89' lang='lat' dir='ltr'><em>D</em></span> 
     </span>
     <span class='ocr_line' id='line_1_32' title="bbox 183 2220 1530 2270; baseline 0.002 -13"><span class='ocrx_word' id='word_1_283' title='bbox 183 2225 204 2257; x_wconf 73' lang='lat'>9</span> <span class='ocrx_word' id='word_1_284' title='bbox 228 2228 296 2270; x_wconf 78' lang='grc' dir='ltr'><strong><em>τῆς</em></strong></span> <span class='ocrx_word' id='word_1_285' title='bbox 318 2223 422 2260; x_wconf 72' lang='lat' dir='ltr'><strong><em>Vina</em></strong></span> <span class='ocrx_word' id='word_1_286' title='bbox 458 2224 466 2270; x_wconf 74' lang='grc' dir='ltr'>Ι</span> <span class='ocrx_word' id='word_1_287' title='bbox 499 2223 619 2260; x_wconf 70' lang='grc' dir='ltr'><strong><em>αὑτοῦ</em></strong></span> <span class='ocrx_word' id='word_1_288' title='bbox 643 2223 820 2260; x_wconf 84' lang='lat' dir='ltr'><strong><em>VVoSD</em></strong></span> <span class='ocrx_word' id='word_1_289' title='bbox 895 2226 939 2258; x_wconf 80' lang='lat'><strong><em>12</em></strong></span> <span class='ocrx_word' id='word_1_290' title='bbox 965 2220 1034 2258; x_wconf 80' lang='grc' dir='ltr'><strong><em>ἀπ’</em></strong></span> <span class='ocrx_word' id='word_1_291' title='bbox 1063 2222 1116 2259; x_wconf 89' lang='lat' dir='ltr'><strong><em>W</em></strong></span> <span class='ocrx_word' id='word_1_292' title='bbox 1187 2225 1231 2259; x_wconf 83' lang='lat'><strong><em>15</em></strong></span> <span class='ocrx_word' id='word_1_293' title='bbox 1256 2220 1405 2269; x_wconf 80' lang='grc' dir='ltr'><strong><em>γίνεται</em></strong></span> <span class='ocrx_word' id='word_1_294' title='bbox 1426 2223 1530 2260; x_wconf 86' lang='lat' dir='ltr'><strong><em>VoD</em></strong></span> 
     </span>
    </p>
   </div>
   <div class='ocr_carea' id='block_1_7' title="bbox 182 2284 1556 2537">
    <p class='ocr_par' dir='ltr' id='par_1_7' title="bbox 182 2284 1555 2401">
     <span class='ocr_line' id='line_1_33' title="bbox 182 2284 1551 2355; baseline 0 -11"><span class='ocrx_word' id='word_1_295' title='bbox 182 2284 329 2353; x_wconf 65' lang='grc' dir='ltr'><strong><em>γιῖηαι</em></strong></span> <span class='ocrx_word' id='word_1_296' title='bbox 353 2306 383 2343; x_wconf 78' lang='lat' dir='ltr'><em>s</em></span> <span class='ocrx_word' id='word_1_297' title='bbox 447 2309 492 2342; x_wconf 72' lang='grc' dir='ltr'><strong><em>ιτ</em></strong></span> <span class='ocrx_word' id='word_1_298' title='bbox 517 2307 599 2355; x_wconf 61' lang='grc' dir='ltr'><strong><em>καὶ]</em></strong></span> <span class='ocrx_word' id='word_1_299' title='bbox 625 2307 667 2344; x_wconf 65' lang='grc' dir='ltr'><strong><em>ιν</em></strong></span> <span class='ocrx_word' id='word_1_300' title='bbox 692 2307 768 2353; x_wconf 75' lang='lat' dir='ltr'><strong><em>W!</em></strong></span> <span class='ocrx_word' id='word_1_301' title='bbox 795 2307 914 2343; x_wconf 63' lang='grc' dir='ltr'><strong><em>αὐτοῦ</em></strong></span> <span class='ocrx_word' id='word_1_302' title='bbox 938 2306 1184 2344; x_wconf 75' lang='lat' dir='ltr'><strong><em>VVaVosD</em></strong></span> <span class='ocrx_word' id='word_1_303' title='bbox 1240 2309 1287 2343; x_wconf 82' lang='lat'><strong><em>18</em></strong></span> <span class='ocrx_word' id='word_1_304' title='bbox 1310 2306 1360 2343; x_wconf 63' lang='lat' dir='ltr'><strong><em>v&amp;</em></strong></span> <span class='ocrx_word' id='word_1_305' title='bbox 1383 2320 1436 2354; x_wconf 72' lang='grc' dir='ltr'><strong><em>μα</em></strong></span> <span class='ocrx_word' id='word_1_306' title='bbox 1460 2307 1519 2344; x_wconf 81' lang='lat' dir='ltr'><strong><em>Va</em></strong></span> <span class='ocrx_word' id='word_1_307' title='bbox 1545 2308 1551 2355; x_wconf 76' lang='grc' dir='ltr'>ι</span> 
     </span>
     <span class='ocr_line' id='line_1_34' title="bbox 183 2352 1555 2401; baseline 0.001 -10"><span class='ocrx_word' id='word_1_308' title='bbox 183 2356 310 2392; x_wconf 69' lang='grc' dir='ltr'><strong><em>αὐτῶν</em></strong></span> <span class='ocrx_word' id='word_1_309' title='bbox 333 2353 424 2392; x_wconf 76' lang='lat' dir='ltr'><strong><em>Vos</em></strong></span> <span class='ocrx_word' id='word_1_310' title='bbox 432 2354 473 2391; x_wconf 88' lang='lat' dir='ltr'><em>D</em></span> <span class='ocrx_word' id='word_1_311' title='bbox 546 2358 594 2391; x_wconf 78' lang='lat'><strong><em>20</em></strong></span> <span class='ocrx_word' id='word_1_312' title='bbox 617 2360 693 2391; x_wconf 76' lang='grc' dir='ltr'><strong><em>τῶν</em></strong></span> <span class='ocrx_word' id='word_1_313' title='bbox 718 2355 762 2392; x_wconf 89' lang='lat' dir='ltr'><em>D</em></span> <span class='ocrx_word' id='word_1_314' title='bbox 781 2356 788 2401; x_wconf 84' lang='grc' dir='ltr'>Ι</span> <span class='ocrx_word' id='word_1_315' title='bbox 816 2354 866 2391; x_wconf 84' lang='grc' dir='ltr'><strong><em>τὰ</em></strong></span> <span class='ocrx_word' id='word_1_316' title='bbox 890 2352 1029 2392; x_wconf 76' lang='grc' dir='ltr'><strong><em>κείνων</em></strong></span> <span class='ocrx_word' id='word_1_317' title='bbox 1060 2355 1115 2392; x_wconf 94' lang='grc' dir='ltr'><em>Ψ</em></span> <span class='ocrx_word' id='word_1_318' title='bbox 1132 2353 1242 2390; x_wconf 83' lang='lat' dir='ltr'><strong><em>Wolf</em></strong></span> <span class='ocrx_word' id='word_1_319' title='bbox 1272 2353 1322 2391; x_wconf 82' lang='grc' dir='ltr'><strong><em>τὰ</em></strong></span> <span class='ocrx_word' id='word_1_320' title='bbox 1341 2353 1495 2392; x_wconf 76' lang='grc' dir='ltr'><strong><em>’κείνων</em></strong></span> <span class='ocrx_word' id='word_1_321' title='bbox 1512 2356 1555 2393; x_wconf 91' lang='lat' dir='ltr'><em>D</em></span> 
     </span>
    </p>

    <p class='ocr_par' dir='ltr' id='par_1_8' title="bbox 183 2401 1556 2537">
     <span class='ocr_line' id='line_1_35' title="bbox 255 2401 1556 2449; baseline 0.001 -10"><span class='ocrx_word' id='word_1_322' title='bbox 255 2406 302 2439; x_wconf 71' lang='lat'><strong><em>22</em></strong></span> <span class='ocrx_word' id='word_1_323' title='bbox 328 2402 444 2444; x_wconf 72' lang='grc' dir='ltr'><strong><em>αὐτὸς</em></strong></span> <span class='ocrx_word' id='word_1_324' title='bbox 468 2402 604 2449; x_wconf 72' lang='lat' dir='ltr'><strong>scrip-i</strong></span> <span class='ocrx_word' id='word_1_325' title='bbox 629 2413 651 2440; x_wconf 82' lang='grc' dir='ltr'><strong><em>ο</em></strong></span> <span class='ocrx_word' id='word_1_326' title='bbox 674 2402 973 2441; x_wconf 69' lang='lat' dir='ltr'><strong><em>VaVoWVina</em></strong></span> <span class='ocrx_word' id='word_1_327' title='bbox 1009 2401 1108 2439; x_wconf 72' lang='grc' dir='ltr'><strong><em>αὐτὰ</em></strong></span> <span class='ocrx_word' id='word_1_328' title='bbox 1132 2403 1169 2439; x_wconf 87' lang='lat' dir='ltr'><strong><em>V</em></strong></span> <span class='ocrx_word' id='word_1_329' title='bbox 1191 2403 1259 2439; x_wconf 72' lang='lat' dir='ltr'><strong><em>aed</em></strong></span> <span class='ocrx_word' id='word_1_330' title='bbox 1284 2417 1310 2439; x_wconf 91' lang='grc' dir='ltr'><strong><em>α</em></strong></span> <span class='ocrx_word' id='word_1_331' title='bbox 1335 2403 1377 2439; x_wconf 83' lang='lat' dir='ltr'><strong><em>in</em></strong></span> <span class='ocrx_word' id='word_1_332' title='bbox 1401 2402 1447 2440; x_wconf 81' lang='grc' dir='ltr'><strong><em>ὸν</em></strong></span> <span class='ocrx_word' id='word_1_333' title='bbox 1472 2415 1556 2440; x_wconf 80' lang='lat' dir='ltr'>corr</span> 
     </span>
     <span class='ocr_line' id='line_1_36' title="bbox 183 2448 1555 2498; baseline 0.001 -11"><span class='ocrx_word' id='word_1_334' title='bbox 183 2450 252 2496; x_wconf 65' lang='grc' dir='ltr'><strong><em>ιη’,</em></strong></span> <span class='ocrx_word' id='word_1_335' title='bbox 275 2450 306 2488; x_wconf 77' lang='lat' dir='ltr'><strong><em>S</em></strong></span> <span class='ocrx_word' id='word_1_336' title='bbox 327 2450 396 2488; x_wconf 75' lang='lat' dir='ltr'><strong><em>eod</em></strong></span> <span class='ocrx_word' id='word_1_337' title='bbox 419 2448 463 2492; x_wconf 75' lang='grc' dir='ltr'><strong><em>ός</em></strong></span> <span class='ocrx_word' id='word_1_338' title='bbox 491 2461 668 2498; x_wconf 69' lang='lat' dir='ltr'><strong><em>suprascr</em></strong></span> <span class='ocrx_word' id='word_1_339' title='bbox 697 2450 816 2488; x_wconf 67' lang='grc' dir='ltr'><strong><em>αὐτὸν</em></strong></span> <span class='ocrx_word' id='word_1_340' title='bbox 841 2451 882 2487; x_wconf 91' lang='lat' dir='ltr'><em>D</em></span> <span class='ocrx_word' id='word_1_341' title='bbox 926 2451 1065 2492; x_wconf 74' lang='grc' dir='ltr'><strong><em>αὐτοὺς</em></strong></span> <span class='ocrx_word' id='word_1_342' title='bbox 1089 2449 1199 2487; x_wconf 85' lang='lat' dir='ltr'><strong><em>Wolf</em></strong></span> <span class='ocrx_word' id='word_1_343' title='bbox 1292 2454 1338 2487; x_wconf 78' lang='lat'><strong><em>23</em></strong></span> <span class='ocrx_word' id='word_1_344' title='bbox 1363 2463 1454 2487; x_wconf 87' lang='lat' dir='ltr'><strong><em>num</em></strong></span> <span class='ocrx_word' id='word_1_345' title='bbox 1481 2450 1555 2488; x_wconf 80' lang='grc' dir='ltr'><strong><em>κεί-</em></strong></span> 
     </span>
     <span class='ocr_line' id='line_1_37' title="bbox 183 2499 789 2537; baseline 0.003 -3"><span class='ocrx_word' id='word_1_346' title='bbox 183 2501 346 2536; x_wconf 62' lang='grc' dir='ltr'><strong><em>σεσθαιῗ</em></strong></span> <span class='ocrx_word' id='word_1_347' title='bbox 427 2501 474 2534; x_wconf 78' lang='lat'><strong><em>24</em></strong></span> <span class='ocrx_word' id='word_1_348' title='bbox 496 2499 789 2537; x_wconf 62' lang='grc' dir='ltr'><strong><em>αὐτῶνῩῩαῩΟ</em></strong></span> 
     </span>
    </p>
   </div>
  </div>
 </body>
</html>
