1806 2964
625 217 895 255 EPISTULAE
923 220 1113 255 σεε-556
1213 190 1216 192 v
1465 214 1551 258 521

811 329 921 384 φνς’.
1480 336 1530 372 W
1556 338 1629 372 470

631 418 952 470 Βαρβατίωνι.
986 425 1092 470 (357)

243 507 279 546 1.
307 503 484 557 Αἴνιγμα
510 502 625 550 δοκεῖ
643 506 727 550 τοῖς
752 500 986 555 ἀνθρώποις
1005 500 1048 542 τὸ
1069 506 1149 541 τῶν
1169 497 1241 553 μὲν
1261 498 1387 554 ἔργων
1412 510 1455 538 σε
1475 503 1555 538 τῶν

178 567 280 626 ὑπὲρ
314 567 430 622 ἡμῶν
466 567 566 622 μηδὲ
594 569 644 609 ἓν
680 568 863 622 φεύγειν,
898 567 1107 622 γράμματα
1145 565 1207 619 δέ,
1247 572 1411 620 πρᾶγμα
1449 564 1553 605 οὕτω

178 636 338 694 ῥᾷστον,
364 635 419 689 μὴ
439 633 701 689 προστιθέναι
719 637 802 683 τοῖς
822 633 962 688 ἔργοις.
997 636 1032 674 2.
1054 632 1130 688 ἐγὼ
1151 631 1193 674 δὲ
1214 631 1286 682 οὓς
1305 630 1378 684 μὲν
1402 631 1553 672 ἔνεστιν

179 702 393 753 ἐξαπατᾶν,
418 702 518 755 πρὸς
543 699 615 754 μὲν
639 702 806 750 τούτους
838 699 944 753 φημὶ
978 699 1046 740 καὶ
1076 699 1285 754 γράμματα
1316 698 1551 751 λαμβάνειν·

176 764 252 821 ὑφ’
275 763 333 809 ὧν
353 764 390 809 δ’
414 767 466 809 ἂν
484 767 728 823 ἑλεγχοίμην,
748 766 785 807 εἰ
802 767 1110 821 προσποιοίμην,
1130 765 1229 820 λέγω
1249 764 1311 806 σοὶ
1338 763 1410 816 μὲν
1429 776 1552 818 προσ-

178 834 294 888 ήκειν
326 834 532 889 πράττειν,
564 833 719 890 ἐμαυτῷ
740 832 783 874 δὲ
809 832 994 887 γράφειν·
1022 833 1149 887 λέγειν
1175 831 1218 873 δὲ
1243 830 1363 873 οὐδὲν
1390 830 1552 884 ἰσχυρὸν

178 902 297 942 δοκῶ.
331 903 370 942 3.
397 899 532 955 φέρων
557 899 600 942 δὲ
623 896 717 941 οὐδὲ
735 899 814 954 πρὸ
833 905 904 940 τοῦ
929 898 1096 952 ταυτηνὶ
1114 899 1188 951 τὴν
1208 899 1353 952 ζημίαν
1373 901 1551 952 μετρίως,

177 963 253 1019 ἀφ’
286 963 335 1008 οὗ
370 967 605 1021 Κλημάτιον
639 965 711 1020 μὲν
745 963 935 1024 ᾐσθόμην
977 965 1172 1020 ἀφῖχθαι,
1207 967 1344 1019 λαβεῖν
1379 963 1422 1006 δὲ
1457 960 1546 1005 οὐδ’

176 1034 305 1083 οὕτως
338 1033 552 1087 ἐδυνήθην
583 1032 808 1086 ἐπιστολήν,
833 1028 922 1074 οὐδ’
946 1031 997 1073 ἂν
1016 1033 1167 1085 εἴποιμι
1187 1033 1334 1088 ῥαδίως
1359 1029 1413 1080 ὡς
1435 1030 1550 1084 ἠνιά-

177 1105 275 1153 θην.
308 1098 330 1141 ὁ
355 1099 430 1155 γὰρ
455 1098 674 1154 ἅνθρωπος
699 1098 851 1148 ἐκεῖνος
875 1099 1002 1149 εὐθὺς
1029 1099 1127 1140 ἰδών
1153 1112 1195 1139 σε
1220 1099 1335 1140 τοῦτό
1356 1114 1425 1151 μοι
1449 1098 1550 1153 πρά-

176 1170 260 1217 ξειν
284 1166 364 1220 ἔφη
389 1166 457 1207 καὶ
482 1165 699 1218 ἐψεύσατο·
725 1166 763 1207 εἰ
786 1164 858 1219 μὲν
883 1165 1167 1219 ἐκλαθόμενος,
1192 1164 1294 1206 εἰσὶν
1319 1164 1489 1214 ἐλπίδες·
1515 1164 1553 1206 εἰ

180 1229 220 1274 δ’
242 1231 363 1274 οὐδὲν
388 1234 606 1287 παρείς,--
629 1227 715 1273 ἀλλ’
738 1231 813 1273 οὐκ
839 1231 913 1286 ἐρῶ
940 1248 975 1272 τι
1001 1231 1195 1287 δυσχερές.
1238 1235 1278 1271 4.
1303 1230 1481 1284 Λητόιος
1507 1229 1549 1271 δὲ

175 1306 256 1340 τῶν
282 1299 404 1341 ταύτά
423 1315 491 1353 μοι
516 1298 605 1353 περὶ
630 1298 672 1340 σὲ
693 1299 957 1353 φρονούντων
975 1298 1075 1340 ε’στί·
1108 1298 1175 1339 καὶ
1194 1298 1269 1353 γὰρ
1294 1293 1339 1339 εὖ
1364 1298 1549 1351 πράττειν

175 1378 218 1407 σε
244 1361 419 1420 βούλοιτ’
442 1364 493 1406 ἂν
518 1365 585 1406 καὶ
610 1367 717 1415 ὅστις
740 1365 897 1406 ε’παινεῑ
918 1378 975 1417 σε,
1000 1365 1127 1423 τούτῳ
1154 1366 1281 1416 φίλος.
1320 1366 1550 1418 συνεύχεται

177 1431 221 1473 δὲ
246 1431 310 1473 σοὶ
335 1429 408 1485 μὲν
433 1428 571 1483 οὗτος,
602 1433 728 1489 τούτῳ
762 1430 804 1473 δὲ
835 1429 860 1485 ἡ
896 1432 1030 1485 πόλις,
1056 1430 1108 1485 ἣν
1143 1430 1264 1473 οὐδὲν
1295 1431 1548 1473 οὐδεπώποτε

175 1499 357 1551 λυπήσας
382 1498 571 1547 πολλάκις
597 1498 676 1540 ἀπὸ
701 1504 772 1552 τῆς
796 1494 982 1556 πατρῴας
1008 1498 1147 1547 οὐσίας
1178 1496 1391 1552 εὔφρανεν.
1426 1499 1464 1538 5.
1495 1496 1549 1546 ὡς

175 1564 228 1606 ἂν
254 1559 329 1607 οὖν
353 1563 397 1605 ἐν
423 1565 549 1621 τούτῳ
575 1565 617 1606 τὸ
643 1564 783 1606 κοινὸν
808 1563 907 1618 ἡμῖν
926 1564 1103 1618 τιμήσων
1123 1565 1311 1619 χαίροντα
1336 1563 1546 1616 ἀπόπεμπε

174 1631 245 1672 τὸν
270 1629 409 1686 ἄνδρα.

253 1740 270 1772 l
306 1736 357 1772 Vt
379 1735 425 1782 γ’,
451 1735 546 1782 ὕμηῖ
581 1736 637 1772 Va
662 1735 710 1782 ς’,
735 1735 803 1783 ξβ’.
836 1736 889 1773 Vo
915 1734 962 1780 ς’,
987 1734 1054 1784 ξβ’.
1081 1736 1121 1772 D
1148 1735 1209 1782 κγ’

251 1837 272 1868 2
299 1831 444 1869 Sievers
472 1836 601 1877 219,3.
628 1831 746 1868 Seeck
772 1835 831 1868 94.
850 1836 920 1868 334
993 1835 1035 1869 10
1062 1831 1182 1868 Seeck
1210 1835 1277 1868 111
1354 1834 1398 1867 14
1419 1830 1466 1867 cf.
1486 1841 1544 1877 ep.

175 1885 257 1917 555.
285 1880 404 1917 Seeck
432 1884 499 1917 197
577 1885 620 1916 19
648 1881 694 1916 cf.
715 1891 774 1927 ep.
796 1884 867 1917 608

254 1982 273 2012 2
301 1978 476 2025 οὺρβανῶ
502 1977 543 2013 D
642 1981 662 2013 8
694 1975 764 2023 μὲν
789 1976 950 2021 inserui,
981 1979 1026 2012 ut
1059 1976 1161 2013 inser
1187 1976 1242 2013 V⁴
1284 1987 1346 2012 om
1383 1975 1547 2013 VaVoD

176 2025 287 2062 Wolf
368 2029 389 2060 4
409 2026 460 2072 μὴ
479 2024 522 2062 δὲ
549 2026 584 2062 V
604 2025 692 2061 sed*
716 2028 766 2072 (1)
786 2026 863 2061 add
881 2026 922 2062 et
940 2026 981 2063 δὲ
1001 2025 1042 2061 in
1061 2036 1122 2061 ras
1142 2026 1210 2071 ωδ,
1241 2024 1342 2060 VoD
1363 2025 1369 2071 Ι
1391 2029 1546 2071 πρᾶγμα

175 2074 279 2110 inser
305 2073 359 2109 V·
427 2077 448 2109 5
474 2075 573 2111 ἐστιν
600 2075 635 2110 V
699 2078 718 2109 7
746 2072 813 2120 ὑφ’
843 2074 978 2121 scripsi
1004 2085 1088 2110 cum
1117 2073 1173 2109 Re
1216 2071 1281 2119 ἐφ’
1303 2072 1393 2108 libri
1418 2071 1527 2108 Wolf
1538 2072 1543 2119 Ι

175 2121 464 2168 προσεποιούμην
490 2123 608 2159 VaVo
633 2122 697 2158 sed
725 2121 765 2157 in
789 2122 860 2159 hoc
884 2136 908 2159 v
933 2122 973 2158 in
1000 2136 1014 2159 ι
1039 2133 1122 2158 corr
1166 2124 1171 2163 Ι
1216 2120 1399 2167 προσήκει
1424 2120 1466 2157 D

176 2175 199 2205 9
223 2175 366 2214 προτοῦ
393 2171 434 2206 D
497 2173 541 2206 10
567 2169 656 2207 οὐδὲ
685 2171 740 2207 Va
752 2171 801 2207 Vo
827 2170 937 2208 Wolf
998 2175 1039 2206 11
1068 2170 1272 2217 ἠδυνήθην
1299 2169 1398 2206 VoD
1417 2167 1542 2216 Wolf!

175 2217 324 2264 ἠνιάθη
350 2218 391 2255 D
443 2221 486 2254 18
513 2216 583 2255 οὖν
606 2221 694 2266 post
718 2217 787 2265 μὲν
812 2220 853 2256 D
904 2224 949 2255 15
975 2224 1094 2255 ταῦτα
1120 2218 1155 2254 V
1175 2218 1241 2254 sed
1266 2217 1306 2253 in
1325 2215 1446 2253 ταυτά
1464 2227 1548 2253 corr

175 2266 245 2312 ω’,
277 2266 329 2303 Vo
350 2270 357 2313 Ι
379 2265 419 2302 σὲ
447 2267 483 2303 V
503 2267 570 2303 sed
597 2266 614 2304 ὲ
639 2268 679 2303 in
704 2273 750 2303 οῦ
777 2278 860 2303 corr
883 2267 941 2303 m‘
962 2269 968 2314 Ι
990 2266 1091 2303 ἐστιν
1117 2267 1174 2303 Va
1242 2269 1286 2302 17
1313 2264 1353 2302 σὲ
1381 2265 1551 2349 Ῐῖαῑῖοῐ]7

176 2310 225 2361 ἦν
253 2314 309 2351 Va
365 2316 372 2360 Ι
430 2315 544 2352 οὐδὲν
568 2315 608 2350 in
634 2326 744 2362 marg
767 2314 870 2352 infler
901 2315 956 2352 V⁶
993 2326 1054 2351 om
1079 2315 1119 2351 D
1166 2316 1172 2360 Ι
1224 2313 1314 2351 οὐδὲ
1339 2314 1489 2350 πώποτε

182 2362 284 2400 VoD
348 2366 392 2399 18
419 2362 590 2410 ἥφρανεν
615 2363 656 2399 D
719 2367 763 2400 19
789 2361 860 2401 οὖν
883 2363 1026 2401 inserui
1052 2364 1096 2399 ut
1119 2362 1222 2398 infler
1247 2362 1302 2399 V*
1339 2360 1442 2398 031)
1484 2372 1542 2398 om

183 2411 240 2447 Va
249 2411 301 2447 Vo
325 2410 436 2447 Wolf
524 2415 568 2447 19
594 2411 683 2458 ἡμῖν
708 2433 754 2439 -
780 2415 828 2448 20
859 2411 983 2457 ἄνδρα
1014 2411 1130 2447 verba
1160 2411 1296 2457 poetae
1330 2410 1549 2459 suspicatur

175 2458 382 2496 Dorvillius
407 2458 531 2505 (Wolf
551 2460 638 2495 Add
664 2461 748 2506 862)
824 2464 868 2497 19
893 2460 1048 2507 τιμήσης
1075 2460 1154 2496 VD
1174 2462 1180 2506 Ι
1202 2458 1323 2505 πέμπε
1352 2458 1428 2494 VJ)

1571 977 1608 1003 lo

1573 1308 1606 1334 15
