1806 2964
671 212 943 249 EPISTULAE
970 216 1114 249 91-94
1246 181 1250 183 *
1538 213 1598 256 93

205 326 260 368 ἂν
283 321 406 380 ἧττον
436 325 624 380 ἡσθῆναι
655 333 779 367 ταῦτα
811 325 988 375 ἀκούσας
1014 323 1234 376 Ὀδυσσεὺς
1264 324 1291 379 ἢ
1324 325 1385 367 ὅτι
1419 326 1600 381 Τροίης

206 393 340 450 ἱερὸν
377 393 680 448 πτολίεθρον
717 392 930 447 ἔπερσεν.
982 389 1107 434 οἶσθα
1151 391 1195 434 δέ
1240 407 1322 433 που
1369 391 1436 433 καὶ
1474 390 1600 434 ἄλλον

208 460 473 513 εὐδαιμονίας
516 458 635 513 μέρος
677 457 906 514 ’ἡγούμενον
949 459 992 501 τὸ
1036 458 1210 501 ἐοικέναι
1259 458 1378 500 τέκνα
1422 466 1598 513 γονεῦσι.

210 530 250 568 2.
275 526 378 581 πρὸς
411 526 452 567 τί
474 525 526 578 δὴ
558 524 717 580 βλέπων
749 525 945 579 ἕπελάβου
977 533 1049 568 τοῦ
1081 525 1172 580 περὶ
1203 525 1315 581 ῥινὸς
1347 525 1489 581 λόγους
1521 525 1599 581 ἐγὼ

209 592 283 646 μὲν
307 593 399 648 γάρ,
424 592 535 642 ὅπως
560 604 602 633 σε
628 592 913 647 εὐφραίνοιμι,
937 599 1055 634 τοῦτο
1086 592 1285 647 ἔγραφον,
1317 591 1430 633 ἔοικα
1462 591 1507 634 δέ
1538 609 1599 642 τις
1636 608 1654 635 ⁶

206 655 312 701 εἶναι
337 657 477 708 σκαιὸς
501 658 570 700 καὶ
594 658 772 712 ἀμαθής.
813 661 851 701 3.
879 659 953 712 ὅρα
978 654 1075 713 οὖν,
1100 660 1143 701 εἴ
1161 671 1226 700 σοι
1249 661 1381 708 καλῶς
1407 656 1484 708 ἕξει
1509 660 1599 700 δια-

207 727 335 780 βῆναί
357 741 394 767 τι
419 725 586 779 ταυτησὶ
611 733 683 779 τῆς
708 724 974 776 ἀπαιδευσίας
997 725 1055 776 εἰς
1089 726 1160 768 τὸν
1190 725 1264 768 σὸν
1295 724 1406 766 υἱόν·
1441 723 1495 775 ὥς
1521 725 1599 781 ἐγὼ

209 791 285 845 μὲν
310 787 369 834 ὧν
394 790 588 846 κέκτημαι
613 792 857 846 μεταδοῦναι
881 792 1118 848 πρόθυμος,
1143 793 1181 834 εἰ
1204 791 1248 834 δὲ
1272 795 1328 850 τῷ
1349 792 1600 846 λαμβάνοντι

207 858 253 900 τὸ
277 860 415 912 λαβεῖν
441 858 491 900 οὐ
517 858 682 912 βλάβος,
706 861 910 910 Κρατῖνος
935 857 957 900 ὁ
983 859 1103 909 καλὸς
1128 859 1335 900 σκοπείτω.

863 1038 940 1096 qd'.
1550 1049 1599 1085 W
1625 1053 1671 1085 92

721 1126 953 1183 Λεοντίῳ.
986 1135 1095 1180 (359)
1618 1144 1652 1168 ιι

273 1214 310 1250 1.
342 1209 426 1263 Τὴν
452 1208 642 1264 δευτέραν
665 1209 805 1257 οὑτοσί
822 1226 890 1263 μοι
909 1209 1007 1260 δοὺς
1027 1209 1241 1263 ἐπιστολὴν
1260 1208 1378 1267 ᾤχετο
1403 1208 1469 1251 ἐπὶ
1497 1213 1598 1252 Φοι-

211 1277 339 1330 νίκης.
382 1283 462 1319 νῦν
493 1276 570 1332 γὰρ
601 1276 875 1330 ἐπανήκοντος
906 1277 1054 1332 ἔγνων,
1085 1276 1171 1317 τότε
1207 1274 1249 1317 δὲ
1281 1275 1515 1330 ἐθαύμαζον
1547 1277 1598 1319 οὐ

209 1342 461 1396 προσιόντος.
495 1345 679 1397 ζητοῦντι
705 1341 748 1385 δὲ
778 1344 988 1398 γράμματα
1017 1343 1142 1384 πάλαι
1173 1342 1280 1396 ἔφην
1305 1342 1599 1397 ἐπεσταλκέναι,

208 1413 265 1467 τῷ
291 1409 335 1451 δὲ
361 1410 411 1452 οὗ
439 1410 594 1451 δώσειν.
631 1408 770 1466 ἀρκεῖν
800 1409 876 1464 γὰρ
907 1410 1016 1468 αὐτῷ
1043 1416 1116 1463 τῆς
1144 1409 1344 1462 Φοινίκης
1374 1408 1597 1451 ἀπολελαυ-
1618 1421 1653 1447 16

210 1475 334 1518 κέναι.
370 1479 409 1518 2.
440 1475 732 1531 προσκειμένου
764 1475 807 1518 δὲ
838 1476 906 1518 καὶ
938 1475 1132 1530 δεομένου
1164 1476 1220 1529 μὴ
1252 1475 1444 1529 τοιαύτην
1475 1477 1597 1530 δίκην

211 1542 404 1597 ὑποσχεῖν
429 1542 561 1583 ἔδωκα
584 1542 660 1596 τὴν
691 1542 904 1596 ἐπιστολὴν
934 1542 1138 1597 βέλτιστον
1169 1541 1425 1597 ἡγησάμενος
1450 1549 1498 1600 τῇ
1523 1549 1597 1585 τοῦ

213 1608 267 1662 μὴ
294 1609 515 1663 λαμβάνειν
539 1609 659 1667 λύπῃ.

286 1765 332 1797 10
366 1762 433 1802 Va
457 1761 508 1807 α’,
533 1761 631 1811 [οε’].
662 1762 713 1799 Vo
738 1760 789 1808 α’,
813 1765 879 1798 πᾶ.
906 1774 952 1809 pr

286 1910 305 1941 1
333 1904 403 1942 od.
424 1921 450 1942 α
470 1910 491 1941 2
593 1910 613 1942 3
640 1906 716 1942 Hos
755 1918 817 1952 op.
847 1910 926 1942 235.
965 1907 1014 1943 cf.
1040 1917 1098 1953 ep.
1113 1910 1197 1942 239.
1232 1906 1321 1942 Hor.
1350 1918 1381 1942 c.
1409 1906 1462 1943 IV
1488 1910 1595 1955 ⁶,23.

214 1955 258 1989 A.
282 1953 411 1990 Rzach
437 1955 510 1990 Lit.
533 1954 740 1992 Zentralbl.
757 1957 851 1991 1899
877 1967 913 1992 n.
934 1959 980 1990 47
1007 1955 1077 1991 col.
1106 1959 1200 1991 1618
1301 1959 1321 1990 5
1349 1954 1445 1991 Plat.
1465 1966 1544 2002 rep.
1564 1956 1598 1992 11

213 2014 250 2048 p.
271 2002 389 2038 353A
465 2007 508 2039 11
536 2003 584 2040 cf.
617 2014 675 2049 ep.
698 2007 756 2039 88.
783 2003 903 2039 Seeck
923 2007 1005 2040 359.
1029 2007 1085 2048 11,
1114 2007 1195 2040 195.
1223 2003 1394 2040 Silomon
1421 2007 1467 2040 30

287 2150 308 2181 2
335 2145 425 2183 ἄλλο
454 2147 499 2183 Va·
580 2151 601 2183 3
626 2146 838 2194 ἡγούμενον
865 2158 927 2183 om
952 2148 1040 2185 SVi
1122 2151 1146 2183 4
1170 2148 1238 2185 τὸν
1263 2148 1351 2192 περὶ
1383 2148 1433 2185 Vi
1457 2147 1524 2184 sed
1551 2146 1598 2185 ὸν

218 2207 289 2240 περ
315 2195 356 2231 in
388 2206 449 2231 ras
501 2199 522 2230 5
548 2194 621 2242 γάρ
648 2206 709 2231 om
738 2196 784 2232 Vi
800 2196 806 2244 Ι
823 2196 862 2232 σὲ
885 2197 937 2233 Vo
996 2199 1017 2232 6
1045 2194 1178 2237 σκαιός
1201 2209 1260 2239 τις
1284 2193 1386 2232 εἶναι
1414 2197 1462 2233 Vi
1482 2199 1488 2243 Ι
1511 2198 1597 2233 δια-

213 2243 329 2289 βῆναι
353 2241 391 2279 τί
417 2243 471 2280 Vo
485 2243 533 2280 Vi
616 2246 636 2278 ⁷
661 2256 698 2279 τι
724 2255 787 2279 om
813 2256 859 2290 pr
881 2246 886 2292 Ι
917 2244 984 2281 σὸν
1010 2255 1072 2280 om
1099 2245 1135 2280 V
1213 2248 1236 2280 8
1261 2244 1464 2292 κέκτημαι]
1490 2244 1598 2291 ἐκτη-

214 2303 283 2335 μαι
301 2290 332 2328 S
354 2291 421 2327 sed
446 2305 563 2338 τημαι
588 2290 652 2327 del
728 2296 772 2327 12
798 2291 988 2338 προτέραν
1014 2292 1075 2328 vel
1093 2292 1353 2340 πρεσβυτέραν
1373 2292 1448 2330 coll
1468 2304 1528 2340 ep.
1550 2296 1597 2330 88

213 2337 269 2374 Re
307 2340 348 2375 at
373 2340 420 2375 cf.
443 2351 501 2386 ep.
522 2343 570 2376 88
600 2343 622 2384 ς
643 2343 664 2375 3
742 2344 786 2375 15
813 2340 945 2386 ἀρκεῖν
977 2340 1113 2387 scripsi
1146 2342 1257 2387 ἀρκεῖ
1281 2340 1373 2377 libri
1398 2341 1474 2377 edd
