1806 2964
615 239 884 276 EPISTULAE:
911 242 1103 276 362—364
1211 221 1214 223 “
1455 234 1542 279 347

168 354 328 406 δοῦναι,
347 352 483 406 λαβὼν
502 351 544 394 δὲ
564 351 805 405 ἀποδοῦναι,
825 355 975 405 μᾶλλον
995 353 1160 406 μειδιῶν
1178 350 1205 404 ἢ
1225 350 1544 406 σκυθρωπάζων,

166 418 305 468 ἁπλῶς
325 418 513 472 μέμψεως
531 417 605 472 μὲν
621 418 758 460 οὐδενὶ
779 418 877 468 δοὺς
895 416 958 460 ἐπ’
981 417 1119 460 οὐδενὶ
1136 418 1357 473 πρόφασιν,
1374 415 1544 457 ἐπαίνου

167 473 398 535 δὲ’πολλοῖς
423 481 491 526 ἐπὶ
515 485 625 527 πάνυ
651 488 824 534 πολλοῖς.
860 487 897 526 3.
918 485 992 539 τὴν
1017 483 1091 538 μὲν
1117 479 1193 525 οὖν
1212 485 1306 540 τῇδε
1332 482 1544 524 διακονίαν

165 551 422 606 πεπλήρωκε,
454 551 564 610 νόμῳ
597 550 641 593 δὲ
671 551 773 606 πρὸς
803 550 877 604 τὴν
908 552 1026 605 μείζω
1057 551 1264 606 στρατείαν
1296 549 1541 603 μεθίσταται.

166 623 238 658 τοῦ
263 613 300 658 δ’
324 615 379 667 ὥς
404 615 545 671 ἄριστα
568 618 734 671 πράξειν
759 616 846 659 ἐκεῖ
863 618 960 670 μίαν
990 616 1130 658 ἐλπίδα
1159 616 1235 670 τὴν
1266 616 1343 669 σὴν
1374 615 1450 670 ἔχει
1474 615 1543 669 ῥο-
1582 631 1597 658 5

166 683 264 737 πήν,
289 683 366 738 ἔχει
391 683 436 725 δέ
459 699 502 739 γε
528 683 595 725 καὶ
626 690 698 737 τῆς
728 683 860 738 ῥοπῆς
891 683 1017 737 αὐτῆς
1051 682 1224 733 ἐλπίδας.
1269 683 1344 724 δύο
1382 681 1458 737 γὰρ
1490 681 1542 733 δὴ

165 755 290 791 ταῦτα
314 747 411 805 παρ’
434 748 534 804 ἡμῖν
559 748 715 808 ᾅδεται,
747 749 802 799 ὡς
828 749 978 799 ἐθέλεις
1003 764 1042 790 τε
1067 753 1150 799 τοῖς
1175 748 1344 791 ἐνθένδε
1368 750 1542 808 βοηθεῖν

165 815 234 858 καὶ
258 817 432 870 δύναμις
463 817 529 870 ἴση
554 824 602 874 τῇ
633 817 786 874 γνώμῃ.
825 815 852 857 ἃ
878 822 954 857 νῦν
985 814 1147 856 ἀκούων
1173 815 1335 868 Δόμνος
1370 813 1435 855 ἐπὶ
1460 818 1542 861 τοῖς

163 882 296 938 ἔργοις
321 882 420 937 πρὸς
445 881 591 932 ἅλλους
615 881 705 936 ἐρεῖ.

807 1014 899 1065 τξιΥ.
1470 1019 1519 1055 W
1545 1023 1615 1056 36¹1

607 1096 952 1158 Ἀρισταινέτῳ.
980 1105 1088 1148 (358)
1563 1113 1598 1138 ιι

230 1189 267 1225 1.
295 1184 511 1226 Νικέντιον
530 1183 605 1238 μὲν
631 1185 678 1226 τὰ
703 1184 755 1226 σὰ
779 1185 989 1240 γράμματα
1014 1187 1134 1238 φίλον
1160 1184 1257 1239 ἡμῖν
1283 1184 1421 1237 ἐποίει,
1447 1182 1543 1223 Μό-

166 1251 308 1292 δεστον
333 1249 376 1292 δὲ
403 1249 499 1292 ὄντα
524 1250 591 1292 καὶ
616 1251 694 1304 πρὸ
719 1258 791 1292 τοῦ
817 1252 939 1303 φίλον
972 1255 1122 1305 μᾶλλον
1147 1250 1173 1305 ἢ
1198 1251 1392 1307 πρότερον
1416 1249 1543 1291 ἐποίει

165 1315 214 1357 τὰ
238 1317 459 1371 γράμματα.
507 1320 545 1358 2.
571 1317 645 1370 τὴν
671 1315 744 1371 μὲν
776 1312 852 1358 οὖν
882 1317 1000 1359 πόλιν
1031 1316 1130 1372 ἡμῖν
1162 1316 1339 1372 εὕφρανε
1372 1324 1420 1374 τῇ
1452 1314 1544 1371 περὶ

166 1381 234 1436 ἐμὲ
266 1383 447 1441 σπουδῇ,
478 1381 545 1437 ἐμὲ
581 1382 624 1425 δὲ
655 1390 702 1440 τῇ
739 1383 829 1437 περὶ
864 1391 938 1425 σοῦ
974 1385 1124 1442 μνήμῃ.
1168 1384 1212 1426 τὸ
1243 1383 1318 1439 γὰρ
1351 1382 1430 1424 ὑπὸ
1463 1388 1543 1422 τῶν
1564 1387 1599 1416 1⁵

167 1452 297 1498 καλῶς
335 1461 378 1490 σε
416 1449 582 1491 εἰδότων
620 1444 824 1507 ᾀδόμενον
861 1450 929 1491 καὶ
971 1450 1092 1499 αὐτὸς
1137 1449 1370 1505 ἐφθέγγετο·
1410 1446 1542 1490 οὔπω

168 1521 392 1556 τοιοῦτον
419 1511 564 1557 εἶδον.
605 1519 643 1557 3.
669 1515 737 1557 καὶ
763 1514 910 1574 διεξῄει
934 1516 1059 1557 πολλὰ
1085 1522 1164 1556 τῶν
1191 1521 1273 1556 σῶν
1298 1514 1544 1569 προστιθείς,

165 1581 222 1630 ὡς
257 1581 334 1623 οὐκ
371 1580 423 1622 ἂν
460 1582 591 1623 πάντα
628 1582 754 1623 εἰπεῖν
788 1582 880 1636 ἔχοι.
928 1577 996 1623 εἶτ’
1033 1580 1205 1623 ἐκαλεῖτο
1244 1579 1317 1634 μὲν
1354 1579 1434 1621 ὑπὸ
1472 1585 1544 1632 τῆς

165 1646 333 1702 ἑσπέρας
358 1646 423 1688 ἐπὶ
448 1648 609 1703 λουτρά,
634 1649 827 1702 κατείχετο
854 1647 897 1689 δὲ
916 1647 996 1689 ὑπὸ
1022 1654 1093 1701 τῆς
1112 1645 1266 1701 ἡδονῆς
1291 1647 1335 1688 ἐν
1353 1650 1406 1703 τῷ
1427 1645 1542 1703 λόγῳ.

242 1784 288 1817 10
321 1782 372 1818 VI
392 1780 440 1828 γ’,
466 1781 538 1828 [νδ’
562 1809 570 1817 .
604 1783 660 1818 Va
685 1781 733 1827 δ’,
759 1782 823 1818 νε’.
859 1783 910 1818 Vo
935 1781 983 1826 δ’,
1016 1781 1079 1818 νε’.
1108 1782 1138 1819 S
1160 1781 1206 1828 β’,
1233 1781 1306 1828 qn'.
1344 1782 1389 1817 Vi
1414 1779 1542 1828 [o‘vn'J.

176 1829 277 1866 Vina
308 1829 401 1874 ρνς’.
453 1830 544 1866 Lam
574 1841 627 1866 ec.
654 1830 752 1866 Bibl.
781 1830 886 1866 Caes.
913 1829 1025 1866 vind.
1055 1829 1122 1865 lib.
1143 1829 1195 1866 VI
1226 1829 1404 1877 (Vindob.
1436 1831 1541 1874 1674)

168 1889 206 1923 p.
226 1880 296 1913 245
324 1888 344 1913 e
377 1878 458 1914 cod.
486 1878 571 1914 Vnt.
590 1890 645 1925 gr.
669 1882 737 1914 113
770 1879 830 1924 (=
844 1878 1023 1914 Richard.
1050 1877 1132 1914 Lib.
1153 1889 1239 1925 epp.
1260 1877 1330 1913 XII
1348 1889 1384 1912 n.
1406 1881 1426 1912 2
1446 1888 1484 1922 p.
1505 1881 1544 1920 6)

244 2001 286 2033 11
314 1997 461 2034 Sievers
488 2000 544 2033 73.
579 1996 699 2034 Seeck
723 2000 780 2034 85.
803 2001 884 2034 345.
923 1997 1091 2034 Silomon
1119 2001 1163 2033 16
1218 2002 1261 2033 12
1288 1996 1408 2033 Seeck
1433 2000 1504 2033 220
1534 1997 1539 2042 Ι

169 2044 290 2081 Seeck
315 2049 385 2081 213
462 2049 506 2083 16
533 2045 603 2082 Od.
624 2048 648 2083 δ
667 2049 737 2082 269

243 2180 263 2212 1
289 2176 366 2213 ἀπὸ
390 2182 459 2213 τοῦ
491 2178 629 2214 δοῦναι
655 2177 695 2213 D
728 2179 734 2224 Ι
768 2179 908 2224 μᾶλλον
933 2180 1089 2225 μειδιῶν
1117 2180 1151 2214 V
1171 2178 1238 2214 ned
1264 2181 1287 2226 β
1312 2190 1427 2225 supra
1451 2181 1542 2225 μᾶλ-

167 2226 252 2269 λον,
277 2238 302 2260 α
329 2236 444 2271 supra
467 2228 625 2271 μειδιῶν
651 2224 709 2260 m⁶
733 2227 890 2271 μειδιῶν
915 2228 1056 2272 μᾶλλον
1082 2226 1112 2263 S
1119 2227 1212 2262 ViD
1303 2231 1325 2262 4
1346 2226 1540 2272 πεπλήρω·

171 2284 238 2308 κεν
264 2273 320 2309 Va
341 2274 348 2319 Ι
368 2272 438 2319 τὴν
457 2284 519 2308 om
540 2274 586 2310 Vi
607 2274 613 2321 Ι
635 2271 866 2310 καθίσταται
891 2275 932 2311 D
1012 2279 1033 2311 6
1054 2274 1130 2321 ἔχει
1145 2295 1188 2301 -
1205 2273 1358 2316 ἐλπίδας
1377 2286 1438 2311 om
1453 2275 1483 2312 S
1499 2276 1542 2311 Vi

170 2319 211 2355 D
249 2321 256 2361 Ι
295 2319 451 2362 ἐλπίδας
476 2321 610 2367 scripsi
636 2332 657 2357 e
684 2322 778 2358 VVa
791 2323 840 2359 Vo
876 2321 1011 2359 ἐλπίδα
1035 2322 1145 2359 Wolf
1169 2323 1174 2370 Ι
1210 2323 1257 2368 δὴ
1289 2322 1431 2359 inserui
1463 2334 1483 2358 e
1512 2323 1548 2358 V

225 2378 286 2404 om
313 2369 576 2406 VaVoSViD
607 2369 716 2406 Wolf
801 2374 821 2405 7
849 2370 996 2412 ἐθέλοις
1023 2371 1118 2407 VVa
1218 2375 1262 2406 13
1288 2377 1430 2416 προτοῦ
1457 2371 1543 2407 VVi

179 2416 278 2452 Vina
296 2416 371 2452 edd
410 2418 416 2461 1
469 2414 584 2462 φίλου
616 2419 663 2454 Vi
690 2419 696 2464 Ι
719 2415 742 2463 ἢ
769 2418 956 2464 πρότερον
981 2418 1084 2454 inser
1110 2419 1164 2455 V⁶
1252 2423 1296 2454 14
1323 2418 1490 2465 εὕφρανε
1512 2419 1548 2453 V

170 2463 238 2506 sed
264 2477 278 2500 ι
301 2466 389 2510 posb
413 2477 439 2500 α
463 2465 566 2501 inser
583 2465 642 2500 m³
660 2465 834 2511 ηὔφρανε
854 2467 901 2503 Vi
938 2466 1122 2512 εὔφραινε
1143 2466 1292 2503 SWolf
1359 2470 1402 2502 18
1422 2464 1539 2502 πάντ’

178 2511 277 2548 Vind
301 2512 375 2548 edd
398 2513 404 2559 Ι
426 2512 502 2560 ἔχει
528 2513 574 2549 Vi
595 2515 601 2560 1
623 2511 696 2550 εἴτ’
721 2514 777 2549 Va
