1806 2964
620 228 891 265 EPISTULAE
917 231 1109 265 εοο-ειο
1208 233 1211 235 ·
1456 224 1545 269 289

824 362 885 408 τι’.
1472 368 1516 405 W
1546 372 1626 405 am

638 445 897 507 Ὁνωράτῳ.
930 454 1064 498 (361?)

232 541 270 578 1.
284 534 409 578 Ὅτου
433 548 476 578 σε
501 535 635 577 ἐἵνεκα
659 534 836 588 ἐκίνουν,
862 534 971 583 ὅπως
995 534 1039 576 ἐκ
1058 540 1130 575 τοῦ
1148 534 1321 588 γράφειν
1339 531 1545 582 ἐπιστολὰς

168 603 227 653 εἰς
249 602 294 644 τὸ
319 602 388 644 καὶ
412 605 543 652 καλῶς
567 600 804 643 ἐπιστέλλειν
828 599 1010 653 ἀφίκοιο,
1034 596 1153 642 τοῦθ’
1183 598 1264 654 δρῶ
1288 615 1357 652 μοι
1374 604 1543 654 χωροῦν.

168 668 251 723 ἤδη
275 684 315 710 τε
340 668 416 724 γὰρ
441 664 480 709 εἴ
500 667 620 717 καλὸς
645 666 713 708 καὶ
737 667 808 724 ἔσῃ
833 667 1039 716 κάλλιστος
1062 671 1136 707 τοῦ
1159 682 1203 721 γε
1223 665 1376 715 εἰκότος
1399 671 1544 706 νικῶν·
1581 679 1603 701 τι

169 750 248 785 τος.
271 734 412 786 ἐξέστω
437 735 513 790 γάρ
538 749 607 786 μοι
630 733 731 776 κατὰ
762 733 857 782 τοὺς
885 732 1088 788 γεωργοὺς
1118 736 1345 786 προειπεῖν,
1376 727 1421 773 οῖ
1445 746 1544 787 προ-

169 802 334 855 βήσεται
357 800 402 842 τὸ
427 800 569 854 φυτόν.
601 799 731 841 ὄντων
757 798 800 840 δὲ
825 798 951 849 ἀξίων
980 799 1192 852 θαυμάσαι
1222 805 1303 840 τῶν
1334 796 1545 851 ὀνομάτων

169 865 195 920 ἡ
220 867 320 910 κατὰ
345 867 389 908 τὸ
421 861 529 920 ἦθος
559 865 688 921 ἀρετὴ.
709 860 858 921 παρῄει
888 865 963 918 τὴν
993 864 1038 906 ἐν
1069 864 1237 915 ἐκείνοις
1266 865 1383 919 χάριν
1413 865 1544 919 ὥσπερ

167 934 258 975 τινὰ
281 933 430 988 χρυσὸν
454 932 599 987 χρυσὸς
623 931 810 985 ἀμείνων.
850 934 889 974 2.
914 930 991 986 ἐγὼ
1022 929 1067 972 δὲ
1097 932 1222 985 χαίρω
1253 930 1327 984 μὲν
1357 930 1438 972 ὑπὸ
1469 937 1544 972 σοῦ

169 1000 404 1054 τιμώμενος,
428 999 651 1054 βουλοίμην
677 994 715 1039 δ’
743 997 796 1038 ἄν
821 1009 864 1039 σε
889 1003 969 1038 τῶν
993 1004 1144 1038 σαυτοῦ
1170 996 1214 1038 τὸ
1240 996 1425 1052 μέγιστον
1450 992 1542 1050 μήτ’
1564 1010 1607 1037 n)

167 1065 332 1121 ἀγνοεῖν
357 1065 454 1119 μήτε
479 1065 614 1107 εἰδότα
639 1065 826 1116 δεύτερον
856 1062 969 1119 ἄγειν
1001 1062 1148 1118 ἐτέρου.
1187 1063 1371 1118 μέγιστον
1397 1061 1441 1104 δὲ
1465 1069 1546 1104 τῶν

169 1138 252 1173 σῶν
278 1130 300 1172 ὁ
324 1131 471 1186 πατήρ,
495 1130 563 1172 καὶ
588 1126 683 1184 μεθ’
712 1128 829 1184 ἡμῶν
859 1129 927 1171 καὶ
958 1130 1037 1184 πρὸ
1069 1128 1185 1183 ἡμῶν
1217 1129 1461 1171 διεπλάττετό
1481 1142 1546 1170 σοι

168 1198 243 1251 τὴν
260 1198 413 1252 ψυχήν.
447 1200 486 1238 3.
511 1197 548 1239 εἰ
571 1191 648 1238 οὖν
667 1197 816 1249 κόσμος
835 1200 1001 1254 μαθητῇ
1021 1195 1240 1249 παιδευτὴς
1258 1195 1430 1251 ἀγαθός,
1448 1211 1545 1250 προ·

170 1263 284 1319 τέρου
309 1263 494 1321 μεμνήσῃ
519 1269 591 1305 τοῦ
616 1265 780 1318 πατρός,
805 1258 854 1304 οὗ
879 1262 947 1303 καὶ
971 1261 1093 1312 αὐτὸς
1111 1259 1214 1304 εἶναι
1233 1262 1423 1316 μαθητὴς
1448 1261 1545 1315 ὁμο-

168 1333 299 1385 λογῶν
323 1329 400 1371 οὐκ
425 1329 676 1383 αἰσχύνομαι.
714 1328 781 1370 καὶ
807 1328 858 1369 σὺ
889 1327 963 1382 μὲν
994 1329 1231 1382 μειδιάσεις,
1260 1335 1379 1370 τοῦτο
1417 1328 1468 1381 δὴ
1499 1328 1544 1369 τὸ
1563 1341 1598 1367 15

170 1396 257 1450 σόν,
282 1395 326 1438 τὸ
350 1403 514 1451 πρᾶγμα
539 1394 582 1436 δὲ
608 1395 684 1437 οὐκ
710 1393 762 1436 ἂν
786 1393 915 1444 ἄλλως
939 1395 1035 1450 ἔχοι,
1059 1396 1130 1437 τὸν
1148 1396 1306 1450 θρόνον
1330 1394 1373 1436 δὲ
1397 1396 1544 1436 πείσω-

169 1478 243 1516 μεν
268 1462 323 1516 μὴ
348 1461 598 1517 ἀγανακτεῖν.
639 1464 679 1502 4.
697 1461 812 1503 ταυτὶ
830 1459 904 1515 μὲν
929 1462 1034 1504 οὕτω
1054 1461 1248 1516 δεδόχθω,
1274 1468 1354 1502 τῶν
1380 1460 1423 1502 δὲ
1442 1461 1544 1515 πρὸς

169 1527 275 1582 ἡμᾶς
299 1527 516 1570 ἐπιστολῶν
541 1528 686 1582 ἐξαίρει
711 1527 759 1568 τὰ
778 1528 977 1569 δοκοῦντα
997 1526 1071 1582 μὲν
1089 1529 1311 1583 θεραπείαν
1335 1527 1451 1582 ἔχειν,
1474 1530 1544 1567 λυ-

171 1595 392 1648 μαινόμενα
430 1593 472 1635 δὲ
506 1598 559 1651 τῷ
589 1595 741 1648 κάλλει,
776 1594 998 1647 ζητούμενα
1032 1592 1076 1635 δὲ
1112 1594 1222 1648 παρὰ
1258 1600 1339 1635 τῶν
1372 1597 1542 1635 πολλῶν.

173 1664 210 1702 5.
235 1657 320 1702 ἀλλ’
343 1659 458 1714 ἡμεῖς
482 1675 525 1715 γε
551 1660 606 1713 μὴ
631 1667 712 1701 τῶν
736 1663 895 1702 πολλῶν
921 1658 1026 1714 ἡμᾶς
1051 1660 1199 1711 αὐτοὺς
1222 1667 1415 1714 ποιῶμεν,
1446 1659 1543 1701 ἀλλὰ
1562 1672 1602 1699 3ο

169 1727 270 1781 πρὸς
295 1725 368 1780 μὲν
399 1726 576 1776 ἐκείνους
606 1727 676 1768 τὸν
716 1726 893 1778 ἐκείνων,
917 1727 1129 1781 ἐπειδήπερ
1163 1727 1338 1782 ἀνάγκη,
1369 1726 1471 1782 πρὸς
1501 1728 1542 1767 δ’

170 1791 276 1846 ἡμᾶς
305 1793 376 1834 τὸν
407 1790 598 1847 ἡμέτερον
628 1793 889 1845 φυλάττωμεν
914 1793 1052 1846 νόμον.

245 1925 263 1956 1
297 1921 367 1957 Vl!
388 1919 438 1965 α’,
463 1918 563 1969 σᾳβῖ
595 1920 652 1956 Va
679 1919 723 1966 γ’,
748 1919 820 1966 ρη’.
853 1921 906 1957 Vo
930 1918 977 1967 γ’,
1003 1920 1074 1967 (ιη’.
1101 1921 1131 1958 S
1154 1919 1196 1966 ε’,
1222 1920 1252 1957 ε’

243 2044 264 2076 2
291 2039 411 2077 Seeck
439 2043 519 2077 100.
546 2043 631 2076 379.
658 2039 823 2077 Silomon
850 2044 897 2076 47
974 2044 1018 2077 16
1045 2040 1091 2077 cf.
1114 2052 1174 2086 ep.
1194 2044 1262 2077 301

242 2164 264 2196 2
291 2160 470 2209 ὀνωράτῳ
494 2161 624 2198 VVaS
642 2160 689 2197 cf.
710 2160 760 2196 ad
780 2173 838 2207 ep.
860 2165 930 2198 251
1001 2158 1086 2198 5-εἶ
1108 2173 1169 2198 om
1194 2162 1225 2199 S
1297 2165 1318 2198 6
1344 2159 1453 2208 οἷπερ
1479 2163 1509 2199 S

171 2212 193 2244 8
219 2207 261 2245 ἐν
286 2219 347 2245 om
377 2209 412 2245 V
480 2212 525 2244 10
550 2208 755 2256 βουλοίμην
782 2210 816 2246 V
838 2210 906 2246 sed
930 2223 953 2246 ν
978 2209 1056 2245 add
1082 2209 1140 2246 m’
1160 2212 1166 2256 Ι
1188 2221 1228 2246 σε
1254 2221 1316 2246 om
1341 2210 1370 2247 S
1390 2212 1396 2257 Ι
1417 2209 1459 2247 τὸ
1485 2211 1542 2246 in-

171 2256 272 2292 serui
296 2267 317 2293 e
345 2257 380 2293 V
422 2267 482 2293 om
512 2257 665 2294 VaVoS
689 2256 797 2293 Wolf
868 2261 912 2293 16
937 2256 1087 2303 θρόνον
1111 2258 1151 2293 in
1170 2258 1231 2294 lac
1252 2262 1273 2294 6
1293 2258 1372 2295 fere
1392 2258 1456 2294 litt
1480 2269 1542 2294 om

171 2304 202 2341 S
219 2306 226 2350 Ι
246 2303 423 2350 πείσομεν
451 2306 506 2341 Va
538 2309 577 2341 et
607 2304 696 2342 coni
722 2305 776 2341 Re
849 2309 894 2342 21
920 2304 988 2342 τὸν
1015 2307 1050 2342 V
1077 2307 1144 2342 sod
1169 2306 1190 2342 ὸ
1216 2317 1261 2342 ex
1289 2313 1318 2343 ῶ
1342 2318 1426 2342 corr
1449 2307 1506 2342 τι)15
1533 2308 1540 2345 Ι

171 2350 209 2387 δ’
231 2363 292 2389 om
319 2353 376 2389 Va
449 2357 495 2389 22
521 2351 640 2399 νόμον
664 2353 818 2399 reposui
844 2364 865 2390 e
896 2353 1004 2389 libris
1053 2353 1195 2399 τρόπον
1215 2354 1323 2390 Wolf
1340 2358 1347 2402 Ι
1368 2355 1409 2390 in
1430 2355 1461 2390 V
1485 2366 1545 2391 ee·

170 2399 302 2446 quitur
326 2411 386 2447 ep.
400 2404 445 2436 33
