1806 2964
267 220 356 264 582
854 218 1037 254 LIBANH

266 331 319 372 ἂν
343 331 600 384 κατηγόρους,
627 330 932 382 ἐπιμελούμενος
952 328 994 370 δὲ
1021 329 1074 382 μὴ
1096 330 1198 380 ζήτει
1216 329 1284 370 τὸν
1303 329 1614 382 θαυμασόμενον

269 400 306 437 2.
332 395 397 448 ἐμὲ
425 394 466 436 δὲ
492 395 645 443 τούτοις
676 395 751 436 οὐκ
783 393 895 448 ὀλίγα
920 399 1031 436 ποιεῖ
1055 395 1219 447 πατέρα·
1253 390 1309 436 ὧν
1340 395 1558 447 κεφάλαιον
1583 395 1625 436 τὸ

269 462 368 516 πρὸς
394 461 534 514 λόγους
559 455 603 501 εὖ
629 459 862 512 πεφυκέναι.

195 576 245 610 W
272 579 340 611 550
910 565 995 621 χλέ.

233 667 248 691 5
755 651 1000 706 Θεμιστίφ.
1033 654 1138 697 (361)

334 740 370 777 1.
389 732 589 787 Ῥωμανὸς
620 732 712 783 ὀξὺς
745 733 816 786 μέν
847 733 928 775 ἐστι
959 735 1240 786 δανείσασθαι,
1271 733 1422 788 βραδὺς
1454 731 1496 774 δὲ
1526 732 1627 774 ἀπο-

271 802 423 842 δοῦναι.
450 799 547 840 ἀλλὰ
573 806 688 840 τοῦτο
715 797 786 852 μὲν
812 806 882 851 τῆς
907 798 1061 840 ἐκείνου
1087 799 1258 852 φύσεως,
1284 800 1326 840 οἱ
1347 799 1463 852 νόμοι
1488 797 1531 840 δὲ
1555 799 1627 840 αὐ-

271 865 340 907 τὸν
365 865 474 919 ἕτερα
500 863 804 917 διδασκέτωσαν,
832 858 892 906 ὧν
919 865 993 906 οὐκ
1024 863 1075 904 ἂν
1099 865 1371 919 καταφρονοίη
1397 871 1471 905 σοῦ
1496 865 1628 918 βεβαι-

271 937 413 980 οῦντος
437 931 531 979 τοὺς
556 929 716 983 νόμους.
760 933 797 972 2.
824 931 1021 984 βιβλίδιον
1047 929 1089 971 δὲ
1120 929 1227 971 τουτὶ
1258 930 1406 983 κομίζει
1432 932 1627 970 Φαυστιλ-

218 1012 251 1037 ιο
273 997 420 1050 λιανός,
447 997 541 1038 ὥστε
567 995 621 1048 μὴ
648 991 749 1036 εἶναι
774 995 1049 1050 ἀναισχυντεῖν
1074 995 1222 1052 ἐκείνῳ.
1247 996 1370 1053 τούτῳ
1390 994 1434 1036 δέ
1458 1009 1501 1050 γε
1525 991 1628 1036 εἶναι

273 1064 339 1103 δεῖ
355 1061 462 1116 παρὰ
488 1067 561 1102 σοῦ
587 1076 676 1101 τινα
702 1061 898 1115 φροντίδα
924 1061 1109 1115 Σευήρου
1141 1076 1180 1101 τε
1206 1059 1290 1101 ὄντι
1315 1049 1515 1115 συγγενεῖ,
1540 1060 1628 1113 περὶ

272 1123 320 1169 οὗ
345 1128 512 1182 γράφων
537 1123 660 1167 οἶσθα
691 1124 819 1167 ὁπόσα
851 1123 956 1181 εἶχον
985 1127 1173 1181 γράφειν,
1204 1125 1270 1167 καὶ
1301 1125 1528 1183 πειρωμένῳ
1559 1124 1640 1166 τὸν·

274 1194 459 1246 Σευήρου
485 1195 694 1246 μιμεῖσθαι
719 1193 878 1246 τρόπον.
917 1187 1033 1241 οὗτος
1058 1191 1101 1232 δέ
1134 1190 1248 1232 ἐστιν·
1281 1190 1434 1232 ἀδικεῖν
1458 1189 1530 1244 μὲν
1555 1191 1627 1232 ofin

272 1258 511 1310 ἐπίστανται,
535 1258 698 1311 πάσχειν
723 1256 766 1298 δὲ
797 1264 928 1306 κακῶς
953 1257 1027 1298 οὐκ
1051 1256 1267 1311 ἀνέχονται.
1310 1259 1347 1298 3.
1373 1257 1537 1305 τούτους
1561 1255 1628 1297 καὶ

220 1337 253 1363 15
273 1325 471 1379 παρόντας
502 1322 569 1364 καὶ
603 1322 779 1372 ἀπόντας
809 1318 854 1364 εὖ
885 1327 1026 1364 ποιεῖν·
1076 1320 1129 1380 ὡς
1159 1322 1264 1371 ὅστις
1294 1320 1424 1376 ἄρχων
1455 1321 1628 1362 ἐπαίνων

271 1389 466 1442 ἐπιθυμεῖ
491 1412 538 1418 --
570 1389 644 1442 τὴν
678 1389 829 1430 τούτων
860 1387 903 1429 δὲ
935 1387 1156 1441 ἐπιθυμίαν
1187 1384 1289 1428 εἶναι
1319 1388 1490 1428 πιστεύω
1519 1386 1627 1440 παρὰ

273 1457 338 1496 σοί
361 1477 407 1483 -
433 1450 585 1507 μάλιστ’
613 1453 664 1495 ἂν
695 1454 882 1508 τυγχάνοι
906 1460 985 1495 τῶν
1015 1453 1190 1495 ἐπαίνων
1222 1457 1304 1502 τοῖς
1329 1452 1500 1507 ἀγαθοῖς
1530 1453 1627 1506 βοη-

273 1525 374 1562 θῶν.
407 1524 446 1561 4.
472 1521 538 1561 δεῖ
557 1519 599 1561 δὲ
626 1519 680 1573 μὴ
707 1521 832 1573 μόνον
857 1520 956 1576 ἔργῳ
982 1521 1166 1573 βοηθεῖν,
1191 1517 1287 1559 ἀλλὰ
1312 1517 1378 1558 καὶ
1399 1518 1499 1571 πρὸς
1524 1514 1629 1571 ἡμᾶς

277 1585 531 1638 ἐπιστέλλειν,
556 1585 651 1626 ἅττα
681 1585 738 1634 εἰς
769 1585 916 1634 αὐτοὺς
946 1585 1162 1638 πράττεται.
1194 1584 1422 1638 σιγήσονται
1452 1581 1524 1636 μὲν
1554 1582 1628 1637 γὰρ

220 1663 255 1690 20
275 1650 367 1692 οὐδὲ
394 1650 550 1703 ἐκεῖνοι,
575 1657 654 1691 τῶν
674 1649 716 1691 δὲ
735 1649 907 1703 ἡδίστων
925 1649 1012 1703 ἐμοὶ
1030 1649 1072 1690 τὸ
1092 1648 1158 1689 καὶ
1177 1648 1281 1702 παρὰ
1301 1654 1374 1690 σοῦ
1394 1648 1629 1701 μανθάνειν.

345 1759 366 1787 4
402 1756 466 1790 Vn
488 1753 533 1799 β’.
560 1753 608 1799 μ’.
642 1754 698 1790 Va
717 1752 759 1799 ζ,
783 1752 854 1790 κατ
891 1754 943 1790 1⁷0
969 1751 1040 1799 (ζ),
1064 1751 1136 1787 κατ
1158 1752 1321 1789 Mam·

346 1855 367 1885 ὅ
394 1850 511 1885 Seeck
538 1853 618 1885 307.
639 1852 708 1886 385
784 1852 825 1884 11
854 1848 902 1884 cf.
922 1858 980 1893 ep.
1005 1851 1086 1884 669.
1108 1850 1188 1883 664.
1215 1846 1332 1883 Seeck
1358 1846 1474 1881 275V

348 1949 368 1981 2
388 1946 469 1991 ἐμοὶ
479 1946 534 1981 Va
584 1948 605 1980 3
631 1945 801 1990 sequitur
832 1955 890 1989 op.
911 1947 980 1979 637
1000 1943 1039 1979 in
1066 1943 1106 1986 V,
1127 1946 1197 1978 636
1215 1941 1256 1978 in
1276 1942 1351 1978 Atk
1399 1944 1420 1977 8
1440 1954 1629 1987 καταφρο-

275 1992 369 2039 νήση
378 1994 435 2029 Va
447 1992 513 2028 sed
533 1991 603 2038 ήση
611 1991 723 2038 suppl
734 1992 801 2035 ω’,
813 1992 879 2028 Mo
929 1995 949 2026 9
960 1987 1250 2030 Φαυστιλλιανός
1259 1988 1393 2035 scripsi
1408 1999 1454 2024 ex
1468 1989 1544 2025 Ath
1556 1988 1630 2024 coll

273 2052 333 2087 ep.
354 2043 423 2076 628
468 2039 734 2083 φαυστιλιανός
762 2039 854 2075 VVa
864 2039 915 2075 Vo
943 2038 1049 2075 Wolf
1079 2035 1347 2080 φαυλιστιανὸς
1366 2037 1434 2073 Mo
1504 2041 1545 2072 11
1573 2047 1630 2072 σε-

275 2087 394 2135 βήρου
422 2089 455 2123 V
476 2088 541 2123 sed
567 2088 590 2134 β
615 2087 656 2123 in
679 2097 740 2123 ras
767 2098 847 2122 corr
871 2086 1100 2130 m⁸‚MoAth
1174 2088 1217 2121 12
1243 2081 1359 2120 οἶσθα
1385 2084 1420 2120 V
1441 2083 1507 2120 sed
1531 2083 1571 2118 in
1598 2080 1634 2118 εἴ

274 2135 334 2172 vel
359 2133 455 2177 εἶδες
481 2146 563 2171 corr
586 2134 643 2171 ω’
664 2135 670 2181 Ι
691 2133 922 2180 πειρωμένου
947 2134 1023 2170 Ath
1115 2135 1158 2167 13
1185 2133 1343 2180 σεβῆρον
1370 2133 1436 2168 Mo
1474 2130 1631 2178 σεβήρου

275 2184 351 2220 Ath
426 2186 469 2218 14
494 2182 649 2224 τούτους
673 2181 715 2217 δὲ
741 2180 934 2227 παρόντας
957 2181 1022 2217 καὶ
1057 2179 1225 2222 ἀπόντας
1249 2180 1325 2216 Ath
1355 2180 1422 2215 sed
1446 2192 1491 2215 ον
1517 2190 1630 2224 supra

274 2241 542 2314 Zi'ssaffflpm
556 2243 613 2312 ἃς
626 2229 786 2313 Q&
797 2229 882 2313 2⁶5⁶
887 2242 977 2313 21:22
994 2226 1356 2322 ’2237’222275‘22330
1367 2226 1633 2318 νὲῗιιῗῗῖῗῗξ

274 2326 440 2371 ἀγαθοῖς
463 2325 598 2371 scripsi
630 2335 650 2360 e
677 2325 771 2361 VVa
780 2291 931 2361 Moyjth
972 2326 1023 2370 τῷ
1054 2324 1190 2370 ἀγαθῷ
1214 2323 1265 2359 Vo
1295 2320 1403 2357 Wolf
1438 2325 1529 2366 „aut
1566 2321 1629 2369 leq.

274 2378 353 2415 τοῖς
388 2374 552 2419 ἀγαθοῖς
582 2377 650 2409 aut
672 2375 723 2421 τῷ
751 2377 829 2413 τοῖς
861 2373 1024 2418 ἀγαθοῖς
1049 2372 1232 2418 βοηθεϊν“
1257 2369 1312 2405 Re
1363 2372 1406 2404 19
1431 2368 1633 2413 πράττεται

275 2421 426 2467 reposui
451 2431 471 2456 e
502 2420 610 2456 libris
642 2431 727 2456 cum
757 2419 812 2455 Re
849 2419 1076 2464 πράττονται
1105 2417 1216 2453 Wolf
1307 2420 1354 2452 20
1379 2416 1548 2462 seqnitur
1573 2427 1629 2462 ep.

274 2472 344 2503 642
370 2468 411 2503 in
437 2470 469 2505 V
705 2468 707 2471 ’
