1806 2964
622 209 892 246 EPISTULA&
920 212 1112 245 244-245
1220 232 1223 234 -
1463 207 1548 250 231

177 325 273 380 ὅπερ
306 323 558 379 Ἀνδρόνικος
590 321 611 364 ὁ
643 324 772 372 καλός.
808 322 876 364 καὶ
905 322 982 377 γὰρ
1012 322 1167 364 ἐκεῖνον
1197 321 1325 363 ἔπεισε
1350 321 1393 363 τὸ
1418 319 1553 376 ἄρχειν

175 390 371 446 ἀγνοῆσαι
403 389 498 439 τοὺς
529 390 694 442 φίλους,
725 388 896 444 ἄρχοντα
928 388 1001 441 μὲν
1026 387 1146 439 ἀξίως
1173 388 1361 442 ἐπαίνου,
1393 388 1461 429 δεῖ
1477 387 1552 444 γὰρ

175 456 332 510 τάληθῆ
365 455 513 511 λέγειν,
543 455 592 496 τὰ
622 455 723 511 πρὸς
755 453 861 509 ἡμᾶς
892 453 936 496 δὲ
967 455 1075 512 αὐτῷ
1107 451 1185 509 τάχ’
1214 453 1265 495 ἂν
1297 454 1429 496 αἰτίαν
1459 454 1552 509 ἔχοι.

179 527 218 565 3.
244 522 342 564 ἀλλά
366 538 428 564 τοι
453 523 520 564 δεῖ
539 527 617 563 νῦν
641 522 793 575 ταύτην
814 522 960 563 δοῦναι
977 521 1052 574 τὴν
1069 521 1199 576 χάριν,
1224 521 1334 570 ὅπως
1352 537 1390 562 τι
1407 522 1553 573 κουφί·

177 602 266 639 σαις
289 596 370 630 τῶν
395 589 590 645 πρότερον
614 588 683 629 καὶ
709 587 764 642 μὴ
790 589 922 630 πάντα
942 587 1184 643 ἐγκαλῶμεν,
1209 591 1361 641 μᾶλλον
1380 586 1424 630 δὲ
1443 588 1552 638 ὅπως
1592 600 1607 626 5

175 654 303 709 μηδὲν
333 655 572 710 ἐγκαλῶμεν.
617 655 751 696 λύεται
774 654 851 710 γὰρ
877 654 1053 709 ἔγκλημα
1078 654 1206 709 χάριτι
1239 655 1440 711 τελευταία
1465 671 1550 696 και-

178 721 252 772 ρὸν
277 721 436 779 ἐχούσῃ,
461 720 529 762 καὶ
553 727 670 762 τοῦτο
696 717 835 774 οἶσθα,
859 721 967 775 εἴπερ
992 717 1117 762 οἶσθα
1145 721 1420 775 Θουκυδίδην,
1444 721 1554 775 εἰμὴ

175 787 243 830 καὶ
273 789 419 830 τούτου
450 802 494 843 γε
519 788 723 830 ἐπελάθου
749 794 820 829 τοῦ
847 788 982 840 φίλου.
1021 789 1060 828 4.
1086 788 1127 828 τί
1149 781 1225 829 οὖν
1249 787 1460 841 αἷτοῦμεν;
1485 787 1554 830 καὶ

177 854 314 896 σκόπει
343 870 387 910 γε
420 853 475 904 ὡς
507 854 583 896 οὐκ
607 854 682 904 ἕξω
713 859 794 895 τῶν
820 853 969 908 νόμων.
1014 854 1057 895 οἱ
1078 860 1148 907 τῆς
1164 851 1314 908 ’Ἁρκης
1340 854 1553 908 βουλευταὶ

175 920 398 976 Καρτέρων
422 921 480 970 εἰς
505 920 655 970 αὐτοὺς
680 920 972 976 ἐγγράφουσιν,
997 912 1030 979 ᾧ
1051 919 1095 962 τὸ
1122 919 1194 973 μὲν
1219 924 1460 975 λειτουργεῖν
1486 921 1552 964 οὗ·
1573 932 1608 958 10

176 987 358 1041 δαμόθεν
383 987 589 1042 προσήκει,
613 983 704 1042 παρ’
726 985 825 1040 ἡμῖν
844 985 888 1028 δὲ
907 985 971 1028 ἐπὶ
989 986 1123 1041 λόγοις
1142 987 1344 1041 διατρίβει.
1378 986 1400 1028 ὅ
1418 1003 1458 1028 τε
1476 987 1552 1044 γὰρ

174 1053 304 1108 πατὴρ
331 1052 458 1105 ἱερεὺς
483 1053 593 1110 αὐτῷ
619 1054 689 1096 τόν
711 1069 750 1095 τε
768 1053 937 1095 πάππον
962 1054 999 1094 εἰ
1016 1054 1157 1107 ζητεῖς,
1181 1051 1353 1108 ἄρχοντα
1371 1053 1553 1109 εὑρήσεις

174 1119 242 1160 καὶ
266 1120 309 1161 τὸ
336 1119 532 1175 μέγιστον,
557 1116 623 1161 ὑπ’
646 1120 771 1174 αὐτῆς
795 1126 867 1171 τῆς
891 1121 1043 1174 βουλῆς
1068 1119 1142 1173 τὴν
1162 1119 1294 1160 οἰκίαν
1314 1118 1552 1174 ἀφειμένην,

174 1184 229 1236 ὧς
255 1186 378 1240 δηλοῖ
394 1185 507 1228 ταυτὶ
531 1186 577 1227 τὰ
604 1187 829 1241 γράμματα,
854 1185 986 1227 κέλευε
1012 1184 1055 1227 δὲ
1080 1184 1384 1241 ἀναγινώσκειν.
1421 1188 1460 1227 5.
1484 1187 1552 1228 καὶ

174 1252 228 1306 μὴ
245 1259 437 1294 τοσοῦτον
450 1253 625 1309 παρίδῃς
634 1250 737 1307 <τὸ>
745 1253 902 1293 δίκαιον
923 1251 1023 1306 μηδὲ
1038 1251 1102 1294 ἐπὶ
1117 1249 1355 1307 τοῖςἌρκαν
1369 1252 1551 1294 οἰκοῦσιν
1572 1264 1605 1288 1³

174 1318 272 1360 ἕστω
297 1325 377 1360 τῶν
403 1319 536 1360 αὐτῶν
561 1318 816 1372 ἀφίστασθαί
836 1334 876 1360 τε
901 1318 969 1360 καὶ
993 1319 1115 1359 πάλιν
1141 1319 1438 1373 λαμβάνεσθαι,
1464 1318 1551 1361 ἀλλ’

174 1385 345 1427 ἴστωσαν
371 1383 426 1434 ὥς
459 1384 606 1439 ὁμοίως
632 1384 775 1426 ἄδικον
800 1385 848 1426 τά
879 1400 919 1426 τε
944 1384 1078 1426 αὐτῶν
1103 1385 1154 1426 οὐ
1179 1386 1414 1439 κομίζεσθαι
1440 1387 1488 1427 τά
1513 1402 1552 1427 τε

175 1450 246 1506 οὐχ
277 1450 411 1492 αὑτῶν
443 1450 576 1492 αὑτῶν
600 1455 742 1493 ποιεῖν.
789 1453 827 1492 6.
854 1446 939 1493 ἀλλ’
962 1450 1109 1493 ἐκεῖνοι
1133 1449 1206 1504 μὲν
1232 1450 1359 1505 μηδὲν
1384 1450 1551 1494 ὀκνούν·

173 1533 267 1571 των,
292 1516 391 1572 ἡμῖν
418 1517 461 1559 δέ
479 1533 523 1573 γε
543 1517 610 1559 διὰ
629 1524 704 1559 σοῦ
722 1516 925 1573 γιγνέσθω
946 1517 994 1558 τὰ
1013 1517 1123 1572 παρὰ
1141 1524 1222 1559 τῶν
1243 1517 1379 1571 νόμων
1399 1519 1551 1574 ἰσχυρά.

173 1590 253 1625 τῶν
278 1583 350 1638 μὲν
374 1583 451 1639 γὰρ
477 1584 553 1626 οὐκ
577 1583 879 1638 αἰσχυνομένων
903 1583 1010 1626 ἐστὶν
1029 1583 1184 1626 ἐθέλειν
1203 1587 1464 1638 πλεονεκτεῖν,
1491 1585 1551 1625 δι-
1572 1594 1607 1620 2⁰

173 1656 322 1691 καστοῦ
349 1649 391 1691 δὲ
412 1649 565 1703 μηδένα
591 1649 718 1705 <ἐᾶν>
743 1646 848 1691 εἶναι
872 1650 1148 1704 δυνατώτερον
1173 1650 1313 1703 νόμου.
1361 1653 1398 1692 7.
1424 1649 1492 1692 καὶ
1516 1651 1553 1692 εἰ

242 1759 260 1790 1
288 1754 407 1791 Seeck
434 1758 477 1790 71
556 1758 578 1790 2
593 1766 646 1800 sq.
669 1754 766 1791 Plat.
788 1766 892 1791 conv.
914 1767 950 1801 p.
973 1757 1044 1791 217
1066 1754 1096 1790 B
1116 1754 1162 1791 ef.
1191 1766 1248 1801 ep.
1280 1757 1385 1792 1428.
1408 1758 1501 1791 1509

174 1806 196 1838 6
221 1802 338 1839 Thuo.
359 1803 376 1838 1
400 1806 461 1847 42,
475 1806 507 1839 3.
528 1802 575 1839 of.
595 1802 646 1839 ad
671 1814 729 1849 ep.
751 1807 798 1839 64
818 1815 855 1849 p.
877 1806 935 1848 63,
950 1807 972 1839 2
1049 1806 1093 1838 10
1120 1803 1166 1839 of.
1187 1814 1245 1849 ep.
1262 1806 1332 1839 235

247 1890 268 1923 2
295 1887 450 1934 ἀγνοεῖν
476 1887 577 1923 Vina
601 1887 668 1923 sed
694 1899 752 1923 ειν
777 1887 818 1923 in
842 1898 904 1943 ros
933 1888 939 1930 Ι
960 1887 1108 1929 τοὺς-
1123 1891 1145 1923 3
1170 1887 1320 1946 τάληθῆ
1347 1887 1520 1943 οωῩίηιζ
1541 1888 1546 1936 ί

175 1939 196 1971 2
216 1935 291 1991 δεῖ]
311 1934 359 1982 δὴ
372 1935 403 1972 S
473 1937 496 1970 4
516 1935 598 1972 δεῖν
611 1935 668 1972 Be
689 1936 695 1980 Ι
717 1941 789 1991 νῦν
807 1947 942 1982 scripsi
955 1946 976 1971 e
992 1936 1028 1972 V
1064 1934 1186 1991 ’νύνοιδΙ
1217 1936 1269 1991 ,δε
1290 1935 1342 1971 Va
1352 1935 1403 1971 Vo
1423 1936 1489 1971 sed
1509 1947 1549 1991 ¹3¹

176 1983 246 2019 hoc
270 1995 310 2019 m
336 1993 375 2020 σε
401 1993 484 2019 corr
502 1983 560 2019 m⁸
597 1994 659 2019 om
686 1983 787 2020 de
822 1995 863 2019 σε
882 1985 940 2020 Be
962 1982 1073 2019 Wolf
1106 1982 1254 2028 ahquid
1275 1983 1406 2019 deesse
1426 1995 1550 2030 suspi-

176 2056 282 2091 catus
305 2056 364 2090 est
382 2054 438 2091 Re
459 2056 466 2100 Ι
487 2054 695 2102 κουφίσῃςῖ
721 2056 763 2091 at
782 2055 877 2101 of.p.
891 2058 972 2099 102,
986 2058 1048 2100 183
1070 2059 1153 2099 233,
1167 2058 1210 2090 12
1286 2058 1308 2091 5
1325 2045 1509 2101 πρότερδῗι
1523 2055 1553 2093 S

177 2106 221 2139 10
247 2103 285 2144 ἐς
311 2103 366 2139 Be
388 2104 395 2149 Ι
417 2102 556 2145 αὐτοὺς
583 2103 837 2141 VVaVoSBe
924 2107 970 2139 13
990 2102 1202 2149 ἀφειμένην
1227 2103 1381 2149 reposui
1400 2115 1421 2140 e
1441 2104 1550 2140 libris

174 2152 219 2187 nt
242 2151 328 2188 ooni
355 2151 411 2187 Re
448 2149 656 2198 ἀφειμένον
685 2150 792 2187 Wolf
886 2155 930 2188 15
955 2151 998 2188 τὸ
1025 2150 1168 2187 inserui
1202 2161 1265 2186 om
1290 2150 1380 2188 libri
1409 2151 1516 2189 Wolf

175 2199 225 2255 μὴ
251 2198 294 2235 δὲ
322 2199 460 2236 VVind
553 2203 597 2235 16
623 2197 708 2235 ἄλλ’
739 2200 894 2237 VVoBe
918 2199 1030 2236 Wolf
1107 2203 1149 2235 17
1177 2200 1304 2235 αὐτῶν
1331 2200 1447 2237 VaVo
1482 2211 1522 2237 se

175 2259 215 2283 m
240 2246 312 2283 hoo
330 2245 342 2260 ’
373 2243 443 2283 οἳ
476 2258 570 2290 corr,
596 2248 654 2284 Be
679 2247 788 2284 Wolf
853 2251 897 2284 18
923 2248 993 2295 οὐχ
1017 2247 1145 2284 αὐτῶν
1165 2248 1291 2283 αὐτῶν
1317 2248 1452 2294 scripsi
1478 2249 1549 2285 οὐκ

177 2295 302 2331 αὐτῶν
321 2295 449 2331 αὐτῶν
473 2295 648 2332 VSVind
672 2295 781 2332 Wolf
813 2296 884 2332 οὐκ
903 2297 1030 2332 αὐτῶν
1050 2296 1177 2332 αὐτῶν
1204 2296 1320 2332 VaVo
1358 2296 1428 2332 οὐκ
1454 2295 1548 2333 ὄντα

175 2343 301 2380 αὐτῶν
319 2343 446 2380 αὐτῶν
470 2344 528 2380 Be
548 2345 554 2390 Ι
576 2343 670 2380 ἀλλὰ
695 2345 731 2381 V
751 2343 859 2380 Wolf
917 2347 960 2379 19
987 2343 1154 2391 γενέσθω
1181 2342 1289 2379 Wolf
1342 2348 1387 2380 20
1412 2350 1487 2380 τῶν
1502 2365 1548 2371 -

174 2395 219 2427 21
247 2389 365 2436 νόμου
397 2391 546 2428 omissis
575 2391 774 2438 particulis
805 2391 874 2438 μὲν
905 2391 978 2438 γὰρ
1017 2392 1114 2428 citat
1149 2391 1339 2428 Macarius
1371 2391 1547 2437 chryseo.

173 2438 262 2523 ἓξ.
275 2439 411 2534 §22:26
426 2443 523 2525 Bam
547 2439 614 2476 ἐᾶν
633 2440 778 2477 inserui
796 2441 951 2476 auctore
971 2439 1026 2476 Re
1080 2451 1142 2476 om
1159 2438 1250 2476 libri
1267 2440 1395 2476 Macar
1416 2439 1524 2476 Wolf
1539 2440 1545 2489 Ι
