1806 2964
668 211 942 249 EPISTULAE
968 216 1109 248 59--61
1532 211 1589 254 57

199 329 261 371 ὅτι
285 332 470 369 πλεῖστον
495 327 667 369 εἰσοίσει.
701 326 723 370 ὁ
750 326 794 368 δὲ
819 325 941 368 τᾶλλα
960 326 1187 380 βεβαιώσας
1207 325 1251 367 ἐν
1271 327 1399 383 τούτῳ
1425 339 1468 367 σε
1487 326 1591 378 ψεύ-

199 408 299 449 στην
323 393 509 447 ἀπέφηνε
534 401 615 436 τῶν
639 393 831 436 ἀσθενῶν
851 397 1003 447 μᾶλλον
1023 394 1099 447 τὴν
1118 392 1291 448 ἡσυχίαν
1309 393 1491 448 τιμήσας.
1518 393 1591 435 σὸν

199 462 340 504 τοίνυν
365 460 393 515 ἢ
419 462 540 515 δίκην
567 462 711 503 τούτου
738 463 877 516 λαβεῖν
902 460 930 516 ἢ
956 461 1023 502 καὶ
1049 468 1167 503 τοῦτο
1194 462 1418 514 θαυμάσαι.

859 607 929 657 gd.
1317 615 1368 651 w
1389 620 1436 653 59
1457 615 1580 663 (cent.
1603 618 1666 660 64>

630 695 929 752 Φλωρεντίῳ.
964 691 1162 750 (359s360)
1632 708 1647 734 5

262 785 298 821 1.
326 775 496 833 Ἐπειδή
532 791 606 821 σου
643 779 688 820 τὰ
726 780 940 834 γράμματα
976 775 1047 833 ἧκε
1082 784 1284 822 καλοῦντα
1319 780 1389 821 τὸν
1427 780 1592 820 πάντων

197 846 285 901 ἐμοὶ
316 848 510 900 φίλτατον
538 847 813 901 Πρισκια-νόν,
845 851 978 902 θροῦς
1004 842 1057 901 ἧν
1089 846 1133 888 ἓν
1159 854 1206 905 τῇ
1239 847 1351 889 πόλει
1383 847 1511 897 πολὺς
1537 845 1592 896 ὡς

196 915 359 969 κρείττω
385 926 460 955 σου
485 920 702 964 ποιοῦντος
727 921 807 955 τῶν
833 914 1024 968 ἐλπίδων,
1049 915 1118 956 καὶ
1142 914 1427 969 περιχυθέντες
1451 915 1591 957 εὐδαι-

197 982 363 1034 μόνιζον
388 981 459 1022 τὸν
485 979 616 1036 ἄνδρα
642 981 783 1035 μάντις
811 981 975 1032 ἕκαστος
1001 982 1241 1038 γιγνόμενος
1274 990 1345 1024 τοῦ
1379 981 1591 1036 μέλλοντος

197 1048 409 1103 σχήματος.
457 1051 495 1088 2.
526 1047 616 1101 ἐμοὶ
653 1047 696 1090 δὲ
731 1049 774 1091 τὸ
810 1049 884 1102 μὲν
919 1049 1202 1105 πεπραγμένον
1238 1045 1291 1102 ἦν
1325 1049 1394 1091 καὶ
1429 1050 1591 1103 σφόδρα
1613 1063 1648 1089 ιο

196 1111 283 1158 κατ’
312 1115 488 1166 ἐλπίδας,
514 1114 628 1172 ᾔδειν
657 1117 734 1171 γάρ
761 1130 803 1159 σε
830 1115 929 1158 ὄντα
954 1116 1138 1172 ἀγαθόν,
1165 1117 1235 1158 τὸν
1262 1115 1305 1158 δὲ
1331 1124 1515 1158 τοιοῦτον
1541 1117 1591 1158 οὐ

195 1183 243 1224 τὰ
269 1190 433 1225 τοιαῦτα
469 1188 602 1224 ποιεῖν
634 1179 686 1237 ἦν
718 1184 972 1237 θαυμαστόν.
1012 1185 1242 1237 μακαρίζων
1275 1182 1319 1225 δὲ
1351 1184 1421 1225 τὸν
1453 1188 1590 1236 κεκλη-

197 1249 335 1304 μένον,
361 1250 493 1305 ὥσπερ
520 1251 563 1291 οἱ
584 1249 712 1302 ἄλλοι,
737 1252 971 1305 μακαρίζειν
998 1246 1115 1308 ᾤμην
1141 1252 1228 1292 δεῖν
1247 1250 1316 1292 καὶ
1335 1250 1378 1292 σὲ
1398 1251 1468 1292 τὸν
1489 1252 1590 1304 σύμ-

195 1319 346 1371 βουλον
378 1316 446 1359 καὶ
477 1317 548 1359 τὸν
580 1317 654 1370 τὴν
686 1318 894 1373 εἰσήγησιν
927 1318 1148 1371 δεξάμενον
1180 1317 1248 1359 καὶ
1286 1318 1361 1371 τὴν
1395 1316 1591 1372 ἡμετέραν

197 1385 325 1427 πόλιν.
373 1387 410 1425 3.
444 1384 488 1426 τὸ
521 1385 596 1439 γὰρ
634 1384 747 1439 ἄγειν
786 1384 851 1426 ε’πὶ
884 1385 958 1438 τὴν
991 1385 1167 1438 δύναμιν
1201 1384 1275 1435 οὓς
1307 1384 1422 1435 ἄξιον
1455 1385 1590 1427 αὐτῶν
1612 1400 1646 1425 15

197 1452 277 1493 ἔστι
309 1458 389 1492 τῶν
421 1451 605 1506 ἀγόντων
636 1451 802 1501 ἔπαινος
835 1452 910 1506 οὐχ
941 1447 1061 1504 ἦττον
1094 1450 1120 1505 ἢ
1153 1459 1224 1494 τοῦ
1258 1452 1478 1507 δεχομένου
1517 1452 1591 1504 τὴν

197 1518 331 1572 τιμήν,
358 1517 444 1560 ἐπεὶ
470 1518 539 1560 καὶ
559 1514 701 1560 Ἰάσων
727 1519 953 1574 ἐμβιβάζων
975 1520 1032 1570 εἰς
1058 1519 1132 1572 τὴν
1148 1516 1276 1575 Ἀργὼ
1302 1520 1373 1561 τὸν
1394 1516 1591 1574 ιἨρακλέα

199 1592 299 1627 νοῦν
336 1586 437 1640 ἔχειν
463 1585 604 1627 ἐδόκει.
644 1585 711 1627 καὶ
743 1588 801 1636 τίς
835 1585 886 1627 ἂν
912 1586 962 1628 οὐ
998 1590 1051 1642 τῷ
1088 1586 1161 1638 μὲν
1197 1586 1389 1640 συνήσθη
1421 1593 1494 1627 τοῦ
1521 1586 1589 1626 δύ-

271 1720 291 1751 4
327 1716 374 1756 VJ
401 1715 451 1760 α’,
484 1715 556 1764 μβ’.
594 1717 645 1753 Vo
671 1716 720 1760 α’,
748 1717 821 1762 μ-ζ’.
850 1717 879 1753 S
902 1716 951 1761 δ’,
978 1716 1040 1753 ιδ’.
1083 1718 1130 1752 Vi
1162 1716 1259 1762 σμα’.
1302 1716 1402 1752 Vind
1428 1714 1520 1760 ρξζ’.
1550 1715 1589 1750 Ι)

198 1775 269 1811 σιη.
295 1776 343 1811 pr

273 1893 293 1922 5
321 1886 468 1923 Sievers
495 1889 537 1922 81
567 1889 646 1923 not.
669 1891 726 1923 66.
754 1886 875 1923 Seeck
906 1892 986 1923 151.
1015 1890 1096 1923 356.
1126 1885 1293 1922 Silomon
1323 1890 1344 1921 2
1423 1890 1441 1921 7
1470 1885 1590 1922 Seeck

198 1939 268 1972 244
341 1939 381 1970 17
412 1934 539 1982 Apoll.
560 1936 649 1983 Arg.
671 1936 685 1971 1
708 1939 777 1971 122
789 1948 844 1982 sq.
873 1940 941 1971 3³1
957 1947 1012 1982 sq.

274 2061 291 2093 l
319 2056 436 2093 τᾶλλα
471 2058 523 2094 Υο
550 2057 656 2093 sed¹
683 2061 736 2094 e
760 2069 844 2095 corr
870 2057 928 2093 m²
976 2058 1023 2094 τὰ
1048 2057 1143 2094 ἄλλα
1178 2058 1213 2094 V
1282 2060 1304 2092 2
1332 2055 1556 2103 ἐπέφηνεῗ
1527 2076 1539 2092 ι,

197 2109 218 2141 3
231 2105 376 2142 τούτων
389 2105 497 2141 Wolf
550 2109 570 2141 6
585 2106 742 2144 πάντων
757 2106 891 2153 scripsi
907 2118 927 2143 ο
946 2106 1136 2144 VVoSVi
1152 2105 1252 2142 de
1270 2104 1399 2142 πάντα
1414 2105 1490 2141 edd
1529 2100 1589 2140 dm

199 2155 239 2190 D
297 2157 318 2189 '1
334 2154 426 2200 ἐμὸν
439 2155 480 2191 D
537 2158 559 2191 9
573 2154 733 2215 ἔξαστον
753 2167 800 2202 pr
820 2157 826 2201 Ι
850 2154 1126 2216 γιγνόμενοςΥ
1136 2154 1201 2190 sed
1218 2169 1240 2201 y
1252 2155 1303 2201 (2)
1329 2153 1434 2190 inser
1458 2154 1515 2189 m‘
1531 2166 1589 2215 γι-

196 2201 356 2248 νόμενος
376 2203 429 2240 Υο
440 2215 484 2249 pr
522 2202 726 2250 γενόμενος
738 2203 850 2240 Wolf
910 2208 951 2240 11
969 2202 1200 2246 κατελπίδας
1223 2203 1268 2240 Va·
1319 2207 1363 2239 12
1377 2209 1504 2240 ποιεῖν
1524 2198 1590 2249 ἦν]

198 2294 305 2325 ποιεῖ
327 2293 398 2324 νῦν
419 2289 459 2324 D
481 2290 487 2333 Ι
515 2287 575 2336 δὲ]
602 2287 640 2324 δ’
671 2290 785 2337 ἔγωγε
808 2290 854 2325 Va
919 2294 962 2325 14
989 2266 1286 2350 ὴμετέραν-Υίηᾱ
1341 2292 1382 2324 15
1410 2289 1460 2330 ὡς
1486 2287 1596 2323 Wolf

199 2373 266 2408 sed
293 2373 443 2419 „malim
476 2373 563 2416 οὓς“
653 2378 695 2410 16
729 2374 955 2421 ἀγαγόντων
989 2375 1036 2410 Vi
1081 2377 1087 2420 ἱ
1134 2351 1468 2435 τᾶνδιχομένοὲῧ
1467 2374 1496 2409 S

202 2425 246 2457 18
273 2401 311 2457 ἔῃ
314 2434 372 2458 ειν
405 2422 441 2458 Υ
468 2422 535 2458 sed
562 2436 596 2459 ει
621 2434 665 2459 ex
692 2437 722 2459 ω
749 2434 833 2460 corr
851 2424 909 2459 m‘
931 2426 936 2469 Ι
959 2421 1027 2459 καί
1051 2437 1108 2465 τις
1142 2423 1210 2460 VS
1224 2424 1320 2460 ViD
1351 2434 1398 2469 pr
1419 2425 1425 2468 1
1448 2436 1498 2458 αν
1525 2434 1587 2458 om

199 2436 333 2527 ὟοΙὲΙ
356 2471 402 2506 οὔ
428 2481 490 2506 om
517 2470 607 2506 libri
633 2483 679 2517 pr
722 2472 826 2507 inser
851 2471 961 2509 Wolf
981 2475 985 2517 Ι
1010 2472 1185 2518 συνήσθη
1213 2471 1430 2518 (συνήσθην
1456 2472 1509 2516 D)
1537 2473 1588 2518 τῷ

200 2517 268 2563 μὲν
302 2519 450 2555 VindD
476 2518 586 2555 Wolf
