1806 2964
291 214 378 258 468
876 212 1060 251 LIBANII

290 326 412 368 καλὸν
433 323 662 378 Ὀλύμπιον,
697 325 938 378 ἐπεπείσμην
970 341 1009 366 τε
1043 327 1138 378 πρίν
1163 341 1251 366 τινα
1285 325 1462 380 ἀγγεῖλαι
1496 325 1563 367 καὶ
1597 325 1649 379 δὴ

290 399 430 444 σαφῶς
454 391 631 446 ’ἤγγειλεν
652 387 862 444 Ἀντίοχος.
900 396 938 432 2.
964 390 1013 432 οὐ
1038 390 1172 443 μέντοι
1197 397 1275 431 τῶν
1300 407 1342 445 γε
1368 391 1544 433 ἐπαίνων
1568 407 1650 433 κοι-

289 458 492 510 νωνήσεις.
541 455 568 497 ἃ
598 457 694 511 γάρ,
719 457 826 506 ὅπως
860 456 1008 498 σαυτὸν
1038 454 1278 509 εὐφράναις,
1309 455 1474 510 ἐποίεις,
1499 457 1650 498 τούτων

290 522 421 577 ἕτερον
446 523 495 564 οὐ
527 523 591 563 δεῖ
618 535 682 563 σοι
711 522 826 576 χάριν
851 520 1009 563 εἰδέναι.
1059 521 1108 562 σὺ
1139 521 1214 576 γὰρ
1246 521 1296 574 δὴ
1326 523 1467 571 Φοίνιξ
1500 520 1558 563 ὢν
1581 521 1648 564 καὶ

254 601 270 627 ι
290 588 504 641 διατρίβων
529 587 575 628 τὰ
613 586 685 640 μὲν
709 587 807 641 ἐκεῖ,
841 587 887 627 τὰ
920 586 962 628 δὲ
996 582 1091 641 παρ’
1121 585 1240 639 ἡμῖν,
1265 585 1314 628 ὃν
1340 587 1413 641 οὐχ
1446 587 1551 640 ὁρῶν
1577 586 1650 641 μὲν

289 651 432 707 ἀλγεῖς,
457 651 563 707 ὁρῶν
589 651 631 693 δὲ
655 652 915 707 ὖπερχαίρεις,
939 652 1123 707 ἔπραττες
1147 648 1250 693 εἶναι
1275 649 1324 694 οὗ
1350 653 1479 709 θεάσῃ
1505 653 1647 694 πολλοὶ·

288 735 360 767 κις.
412 721 449 760 3.
485 719 615 772 ὥσπερ
651 713 740 770 οὖν,
766 719 803 759 εἰ
834 717 980 772 χρυσὸν
1006 718 1132 770 ζητῶν
1155 717 1312 759 ἅπαντα
1346 717 1489 768 ἐκίνεις
1514 719 1648 769 λίθοι’,

289 784 363 825 οὐκ
387 783 440 825 ἂν
458 783 517 833 ὡς.
531 783 600 825 τὸν
618 784 765 838 χρυσὸν
784 779 828 825 εὗ
853 789 980 825 ποιῶν
1005 782 1170 840 ἐπῃνοῦ,
1196 790 1310 824 τοῦτο
1329 783 1404 839 γὰρ
1425 779 1477 837 ἧν
1496 782 1648 825 ἐθέλειν

288 849 411 891 αὐτὸν
435 850 672 903 κερδαίνειν,
698 850 802 890 οὕτω
828 846 882 889 δι’
906 849 1010 890 ὅσων
1029 864 1098 901 μοι
1116 848 1159 889 τὸ
1178 850 1271 904 τῇδε
1296 849 1430 902 με’νειν
1449 849 1648 903 ἐμηχανῶ,

237 930 270 955 ιο
289 916 418 956 πάντα
443 910 496 969 ἦν
520 914 690 970 ἐρῶντος
715 914 782 956 καὶ
806 915 852 956 τὰ
878 913 1003 955 αὑτοῦ
1029 914 1334 968 θεραπεύοντος.
1373 917 1412 955 4.
1437 913 1550 956 ταυτὶ
1575 913 1648 968 μὲν

287 975 363 1021 οὖν
382 996 451 1033 μοι
469 980 623 1030 παίζειν
649 980 812 1034 ἔπεισιν,
837 980 946 1030 ὅπως
969 979 1030 1032 εἴη
1050 991 1114 1021 σοι
1138 981 1240 1033 βοᾶν
1258 979 1326 1020 καὶ
1350 980 1482 1034 γελᾶν,
1507 976 1646 1033 οἷάπερ

286 1046 450 1096 εἴωθας,
475 1046 562 1087 ἴσθι
588 1045 631 1087 δέ
655 1061 722 1099 μοι
742 1045 784 1087 τὸ
804 1051 916 1098 σῶμα
934 1052 980 1102 τῇ
1000 1044 1090 1100 περὶ
1109 1045 1201 1094 τοὺς
1219 1046 1396 1100 νεφροὺς
1420 1045 1525 1104 νόσῳ
1544 1046 1645 1101 πρὸς

286 1117 401 1153 τοῦτο
426 1111 638 1160 ἀσθενείας
669 1111 782 1164 ἥκειν
813 1106 923 1165 ὥστ’,
948 1111 984 1152 εί
1006 1109 1074 1152 καὶ
1099 1109 1225 1164 μηδὲν
1250 1109 1347 1164 ἡμῖν
1372 1109 1528 1152 ἐκεῖθεν
1546 1110 1645 1164 ἥνυ-

286 1189 374 1230 στο,
408 1177 566 1226 πάντως
600 1176 651 1218 ἂν
676 1175 720 1219 ἐκ
743 1183 814 1230 τῆς
847 1183 1057 1230 συμφορᾶς
1090 1174 1279 1230 γενέσθαι
1304 1175 1378 1229 τὴν
1402 1175 1650 1230 ἀπαλλαγήν.Δ

231 1255 266 1282 15
289 1245 327 1284 5.
359 1242 543 1284 ἐνιαυτὸν
576 1241 652 1297 γὰρ
685 1241 765 1296 ἤδη
799 1242 867 1283 καὶ
901 1248 1031 1296 μῆνας
1055 1245 1158 1297 τρεῖς
1191 1240 1213 1283 ὁ
1246 1242 1495 1297 λαβύρινθος
1529 1237 1646 1292 οὗτος

284 1305 390 1361 ἡμᾶς
420 1307 496 1362 ἔχει
520 1313 592 1349 τοῦ
622 1314 770 1360 κακοῦ,
800 1307 866 1348 καὶ
898 1307 1059 1349 δέδοικα
1085 1307 1156 1360 δή,
1189 1306 1350 1349 δέδοικα
1374 1306 1430 1361 μὴ
1456 1306 1551 1361 μετὰ
1574 1314 1646 1350 τοῦ

285 1374 464 1426 σώματος
498 1377 762 1427 μαρανθῶσιν
786 1374 830 1415 οἰ
859 1373 969 1428 λόγοι
998 1374 1070 1414 καί
1092 1385 1155 1414 σοι
1179 1379 1298 1425 φανῶ
1323 1369 1380 1414 δι’
1409 1372 1645 1427 ἀμφοτέρων

284 1438 479 1493 ἄμορφος.
532 1441 569 1480 6.
595 1438 764 1481 ἐκάλουν
791 1435 828 1480 δ’
857 1437 909 1480 ἄν
934 1451 975 1480 σε
1001 1434 1096 1492 παρ’
1115 1436 1230 1492 ’ἡμᾶς
1254 1437 1321 1480 καὶ
1346 1438 1420 1491 τὴν
1444 1437 1646 1480 ἀπουσίαν

285 1504 534 1558 ἐμεμφόμην,
559 1504 596 1545 εἰ
619 1505 673 1558 μή
694 1517 735 1546 σε
761 1504 875 1562 ᾔδειν
894 1504 938 1546 ἐν
953 1500 1095 1560 Ἰταλίᾳ
1113 1505 1405 1558 καρπούμενον,
1430 1502 1452 1545 ὃ
1471 1503 1526 1557 μὴ
1545 1501 1643 1558 παρ’

231 1584 266 1610 το
283 1569 417 1620 ἄλλοις
447 1571 527 1622 ἔνι,
551 1570 621 1611 τὸν
651 1571 858 1625 κράτιστον
883 1570 1085 1612 Δατιανὸν
1116 1570 1183 1611 καὶ
1206 1570 1280 1623 τὴν
1312 1569 1466 1612 ἐκείνου
1500 1569 1645 1623 φωνὴν

283 1635 351 1677 καὶ
383 1636 563 1691 γνώμην,
589 1628 620 1692 ᾧ
646 1636 819 1678 συνόντα
843 1643 950 1677 πᾶσα
985 1635 1141 1690 ἀνάγκη
1174 1636 1275 1690 πρὸς
1300 1635 1344 1676 τὸ
1369 1638 1536 1690 φρονεῖν
1559 1634 1645 1676 ἐπι-

285 1700 457 1753 διδόναι,
480 1700 562 1742 ἐπεὶ
588 1701 653 1742 καὶ
679 1699 785 1754 ἡμᾶς
809 1699 834 1754 ἡ
860 1699 950 1753 περὶ
969 1700 1096 1742 αὐτοῦ
1116 1701 1252 1755 μνήμη
1277 1702 1458 1755 βελτίους
1476 1716 1515 1742 τε
1540 1705 1648 1742 ποιεῖ

284 1765 352 1807 καὶ
375 1766 476 1820 πρὸς
503 1773 601 1808 νοῦν
626 1765 724 1821 ἄγει.

359 1922 376 1953 1
404 1917 522 1954 Seeck
548 1921 617 1953 222
638 1917 653 1953 Ι
727 1922 748 1954 2
774 1918 820 1954 cf.
841 1928 900 1964 ep.
924 1921 1005 1953 395.
1031 1916 1149 1954 Seeck
1170 1921 1214 1953 76
1232 1917 1267 1953 II
1342 1921 1362 1953 '1
1389 1917 1437 1953 cf,
1458 1927 1517 1964 ep.
1539 1920 1643 1954 1459.

286 1969 390 2001 1504.
417 1965 614 2001 Salzmanu
639 1969 684 2001 92
737 1969 843 2011 l'lsq.
863 1965 961 2001 Plat.
978 1965 1050 2012 leg.
1069 1965 1120 2001 VI
1138 1977 1175 2012 p.
1197 1969 1265 2002 ‘162
1279 1965 1313 2001 A
1363 1969 1410 2002 20
1436 1964 1554 2002 Seeck
1575 1969 1643 2002 114

357 2113 374 2144 1
402 2122 440 2145 τι
467 2120 528 2145 om
555 2109 590 2145 V
659 2112 680 2144 8
706 2108 824 2146 αὑτὸν
851 2109 906 2146 Va
931 2107 1040 2145 Wolf
1080 2109 1086 2154 Ι
1132 2107 1344 2155 εὐφράναις
1370 2109 1406 2145 V
1425 2108 1493 2144 sed
1518 2121 1579 2150 αις
1602 2107 1642 2144 in

283 2167 345 2192 ran
369 2158 426 2192 m·
516 2161 538 2192 4
563 2157 691 2203 φοῖνιξ
719 2157 755 2194 V
774 2156 841 2192 sed
855 2159 870 2168 ”
890 2156 930 2192 in
949 2156 960 2168 '
979 2167 1061 2193 cort
1085 2156 1142 2191 m⁴
1233 2159 1255 2191 δ
1281 2153 1491 2201 διατρίψας
1515 2157 1551 2192 V

284 2208 303 2239 7
331 2203 467 2246 ἐκίνεις
495 2205 530 2240 V
548 2204 614 2240 ned
640 2217 673 2240 ει
698 2204 738 2240 in
763 2215 825 2240 ran
850 2205 908 2240 ω’
978 2208 1067 2251 seq.
1093 2203 1210 2241 αὐτὸν
1236 2203 1386 2241 ἐθέλειν
1413 2205 1468 2240 Va
1492 2202 1602 2239 Wolf

285 2256 328 2288 10
355 2250 472 2289 αὑτὸν
496 2253 584 2298 post
607 2253 769 2297 ἐρῶντος
798 2251 1038 2288 inserendum
1070 2251 1154 2288 coni
1181 2251 1235 2288 Re
1279 2251 1444 2288 debebat
1468 2263 1549 2288 osae
1574 2251 1640 2288 αὖ·

282 2306 348 2338 τοῦ
424 2305 466 2336 11
494 2301 590 2348 βοᾶν
614 2301 680 2336 καὶ
706 2303 817 2346 γελᾶν
837 2299 900 2337 del
927 2300 982 2337 Va
1050 2303 1094 2335 12
1120 2299 1274 2342 εἰώθοις
1301 2300 1356 2337 Va
1377 2299 1442 2336 sed
1462 2298 1571 2345 suppl
1586 2299 1644 2335 m‘

333 2353 376 2384 15
402 2347 476 2394 ἥδη
502 2359 563 2384 om
590 2349 644 2384 Va
720 2351 763 2384 19
789 2345 893 2385 εἶδον
920 2349 955 2384 V
975 2348 1041 2384 ned
1066 2348 1106 2383 in
1131 2345 1240 2395 ᾔδειν
1264 2358 1348 2383 corr
1371 2347 1439 2391 ιη’,
1472 2347 1529 2383 Va
