1806 2964
309 222 397 266 408
898 220 1081 257 LIBANII

309 334 365 387 (νὴ
385 335 522 387 λαβεῖν
541 346 615 374 σου
639 333 848 388 γράμματα
866 331 1004 384 ἐποίει,
1022 332 1096 384 τὴν
1114 332 1231 386 σιγὴν
1251 331 1293 374 δὲ
1313 332 1398 373 ἔλυε
1417 332 1460 373 τὸ
1479 333 1569 374 λίαν
1587 330 1671 373 ἔπι-

308 403 458 451 θυμεῖν
485 396 550 452 (εἰ
574 397 658 452 μὴ)
678 397 817 451 ἄλλην,
846 398 996 450 ταύτην
1024 396 1067 451 γέ
1093 410 1155 438 σοι
1185 397 1447 452 συγγενέσθαι
1477 398 1552 451 τὴν
1576 411 1672 440 συν-

310 465 463 505 ουσίαν·
485 464 585 518 πρὸς
604 463 646 505 δὲ
666 463 734 505 καὶ
753 463 899 518 ἀνδρὸς
923 462 975 512 ὥς
997 462 1101 516 ὑμᾶς
1121 463 1250 511 ἰόντος
1269 463 1527 516 ἐπισταμένου
1547 463 1673 519 λέγειν

311 530 368 582 μὴ
386 529 454 570 καὶ
479 529 603 571 αὐτὸν
628 530 754 570 εἰπεῖν
772 545 809 570 τι
835 525 888 570 δι’
905 529 1029 570 αὐτοῦ
1054 535 1134 569 τῶν
1156 528 1316 570 ἀτόπων
1338 528 1476 571 ἐδόκει.
1509 533 1547 571 2.
1571 528 1671 584 λέγω

273 611 289 636 ε
309 596 446 636 τοίνυν
486 595 545 636 ὅτι
569 601 728 647 πρῶτον
760 593 832 648 μὲν
862 598 991 644 καλῶς
1021 598 1150 643 ποιεῖς
1181 593 1336 648 ἀγαθὸς
1361 595 1432 647 ὥν,
1457 591 1589 636 ἔπειθ’
1615 594 1670 645 ὧς

309 656 367 702 ὧν
397 660 643 714 ε’πιτηδεύεις
674 664 808 701 καλῶν
833 659 1045 713 ἐπαινέτην
1068 659 1165 713 ἔχεις
1187 655 1416 714 Ὀλύμπιον,
1447 659 1574 713 ἄνδρα
1603 660 1671 702 καὶ

308 726 456 780 ῥήτορα
492 725 624 767 δεινὸν
659 725 727 766 καὶ
761 725 987 778 φιλόσοφον
1020 723 1144 778 ἄκρον
1177 726 1413 779 βοηθοῦντα
1446 730 1596 780 ψυχαῖς
1619 726 1670 767 οὐ

308 795 421 843 μεῖον
445 789 473 844 ἢ
508 791 689 843 σώμασιν
715 790 793 831 ἀπὸ
828 796 907 831 τῶν
942 791 1175 843 φαρμάκων.
1228 793 1266 830 3.
1297 788 1399 844 ἀνὴρ
1424 789 1468 832 δὲ
1492 797 1670 840 τοιοῦτος

307 855 515 908 ἐπαινέτης
548 854 666 909 ἀνδρὶ
697 856 877 909 σώφρονι
911 856 1141 909 τιμιώτερον
1165 861 1243 895 τῶν
1277 855 1412 909 Γύγου
1449 856 1669 909 χρημάτων.

256 937 289 964 ιο
309 921 392 962 ἐπεὶ
422 921 489 962 καὶ
519 921 625 977 αὐτῷ
653 937 723 974 μοι
753 921 930 974 χρήματα
955 918 1027 973 μὲν
1053 920 1127 961 οὐκ
1151 920 1270 972 ἔστιν,
1301 919 1327 973 ἡ
1354 919 1396 961 δὲ
1421 920 1528 977 παρὰ
1553 922 1668 963 τοῦδε

306 993 464 1040 ψῆφος,
488 986 556 1028 καὶ
581 983 691 1040 οἶμαι
718 985 817 1026 κατὰ
841 993 958 1027 τοῦτο
983 992 1063 1026 τῶν
1087 986 1348 1040 πολυχρύσων
1373 985 1667 1040 εὐδαιμονέστε-

307 1067 378 1106 ρος
401 1049 516 1093 εἶναι.
569 1055 608 1093 4.
633 1051 686 1105 ἢν
711 1046 786 1093 οὖν
811 1067 848 1092 τι
880 1052 1091 1108 φροντίζῃς
1122 1051 1211 1105 περὶ
1241 1050 1371 1104 ἡμῶν,
1398 1052 1609 1106 σύγγνωθί
1629 1067 1670 1094 τε

305 1117 449 1174 ἐραστῇ
475 1117 542 1158 καὶ
567 1120 779 1170 συλλαβοῢ.
804 1116 871 1158 καὶ
897 1117 919 1158 ὅ
936 1133 972 1158 τι
997 1116 1049 1158 ἂν
1066 1111 1112 1158 εὖ
1135 1117 1319 1174 ποιήσῃς,
1344 1115 1525 1169 δήλώσον
1544 1117 1667 1172 γράμ-

308 1196 400 1235 μασι
426 1183 470 1224 τὸ
496 1183 628 1237 ἔργον·
657 1182 710 1232 ὡς
736 1183 807 1236 οὐχ
832 1183 960 1235 ἥττων
984 1181 1011 1235 ’ἦ
1036 1183 1147 1237 χάρις
1173 1182 1216 1223 ἐν
1241 1187 1293 1239 τῷ
1314 1182 1492 1240 δευτέρῳ.

239 1352 287 1386 W
315 1355 408 1387 1189
947 1341 1038 1398 my'.

256 1443 289 1469 ιε
754 1424 1064 1484 Ἰταλικιανῷ.
1112 1438 1219 1481 (355)

371 1514 407 1551 1.
438 1507 527 1552 Old*
558 1511 616 1553 ὅτι
650 1523 693 1553 σε
727 1511 938 1566 εὐφραίνει
961 1511 1122 1566 γράμμα
1147 1510 1252 1564 ἐμόν.
1298 1510 1347 1551 σὺ
1371 1510 1447 1566 γὰρ
1471 1510 1619 1561 ἐκεῖνος
1644 1510 1666 1552 ὅ

307 1577 521 1630 πετόμενος
546 1576 633 1630 μέν,
659 1577 766 1626 ὅπως
790 1575 841 1617 ἂν
867 1574 981 1629 ἡμῶν
1006 1576 1215 1630 ἀκούσαις,
1239 1577 1452 1630 πετόμενος
1477 1576 1520 1618 δὲ
1544 1571 1668 1626 αὖθις

307 1641 388 1683 ὑπὸ
413 1649 494 1683 τῶν
518 1642 647 1696 λόγων
673 1641 716 1683 ἓν
739 1646 794 1698 τῷ
820 1641 1012 1700 συλλόγῳ,
1036 1641 1103 1682 καὶ
1129 1642 1314 1683 σπεύδων
1333 1657 1371 1683 τε
1390 1638 1453 1682 ἐπ’
1475 1641 1667 1697 ἀκρόασιν

255 1717 291 1743 ¹⁰
310 1707 376 1748 καὶ
402 1707 446 1748 ἐν
471 1707 572 1763 αὐτῇ
599 1708 728 1748 πάντα
755 1708 871 1762 δρῶν.
913 1710 950 1748 2.
977 1703 1029 1758 ἦν
1047 1701 1123 1748 οὖν
1143 1708 1266 1760 δῆλον
1291 1705 1346 1755 ὡς
1370 1707 1444 1748 οὐκ
1468 1706 1667 1761 ἀτιμάσεις

382 1838 427 1870 15
462 1835 511 1870 VI
532 1834 579 1879 γ’,
606 1833 674 1880 (ιγ’.
709 1834 763 1870 Va
789 1833 830 1878 ε’,
854 1834 897 1869 λ’.
925 1833 954 1870 S
975 1833 1025 1878 α’,
1051 1832 1095 1877 ρ’.
1130 1834 1175 1869 Vi
1199 1833 1304 1881 [ξθΊ.
1340 1834 1381 1870 D
1406 1835 1453 1881 κβ

381 1945 403 1976 2
429 1940 525 1976 Plat.
546 1940 621 1986 leg.
641 1941 675 1976 11
694 1952 730 1987 p.
746 1941 863 1976 672A
937 1944 958 1975 6
984 1940 1031 1976 cf.
1052 1951 1110 1986 ep.
1126 1943 1207 1976 411.
1229 1939 1346 1977 Seeck
1373 1943 1443 1976 222
1517 1944 1538 1976 9
1563 1939 1667 1976 Salz-

309 1998 423 2024 mann
450 1991 494 2023 27
573 1992 617 2024 16
644 1987 762 2024 Seeck
789 1991 869 2024 187.
895 1991 965 2023 320

383 2101 398 2130 1
428 2106 495 2132 σου
521 2095 720 2142 γράμματα
750 2095 903 2141 reposui
927 2105 948 2130 e
972 2094 1080 2130 libris
1110 2097 1153 2130 ut
1183 2094 1268 2131 coni
1298 2095 1353 2131 Re
1399 2094 1666 2141 συγγράμματα

306 2142 438 2186 Wolf}
461 2143 567 2180 ἔλυεν
593 2143 648 2179 Va
742 2147 825 2189 leq.
858 2142 1060 2188 ἐπιθυμεῖν
1095 2143 1129 2178 εἰ
1165 2142 1215 2189 μὴ
1248 2141 1381 2189 ἄλλην,
1421 2142 1555 2189 scripsi
1587 2141 1665 2178 ἐπι-

306 2193 455 2237 θυμεῖν.
483 2190 576 2227 ἀλλὰ
607 2190 696 2226 libri
728 2190 836 2226 Wolf
863 2190 929 2226 sed
943 2218 951 2226 .
966 2201 1049 2226 eras
1074 2190 1107 2227 V
1127 2191 1167 2225 et
1192 2190 1254 2226 del
1278 2190 1334 2226 Ro
1357 2189 1432 2226 coll
1456 2202 1493 2236 p.
1516 2192 1632 2232 104‚⁹
1655 2189 1665 2245 J

331 2238 488 2274 ευέσθαι
512 2239 597 2274 coni
616 2238 725 2274 Wolf
793 2242 815 2274 3
834 2237 940 2274 colon
959 2237 1069 2284 posui
1088 2237 1162 2273 coll
1180 2238 1206 2273 t.
1227 2238 1260 2273 11
1282 2241 1361 2280 143,
1375 2242 1390 2273 1
1413 2247 1556 2274 commu
1577 2236 1667 2272 libn

307 2252 416 2322 aelf
469 2290 512 2321 12
538 2281 587 2331 ἦν
612 2285 647 2321 V
669 2285 764 2322 sed·
784 2284 847 2320 in*
875 2296 958 2322 corr
976 2285 1043 2330 m‘,
1068 2284 1124 2320 Va
1157 2284 1163 2332 Ι
1196 2282 1376 2332 φροντίζῃ
1397 2285 1433 2321 V
1459 2287 1466 2331 Ι
1498 2285 1590 2330 ἐμοῦ
1610 2285 1666 2321 Va

306 2333 416 2370 Wolf
463 2338 505 2369 17
527 2334 571 2368 σὺ
584 2354 627 2360 -
644 2337 688 2369 19
715 2333 877 2380 συλλόγῳ
902 2332 1117 2379 praemissis
1142 2332 1265 2369 verbis
1289 2331 1448 2378 πέτομαι
1471 2332 1540 2378 οὐχ
1557 2330 1666 2368 fmus

306 2393 386 2426 μαι.
418 2381 484 2417 καὶ
519 2380 702 2427 Λιβάνιος
739 2380 780 2416 ἐν
818 2386 864 2427 τῇ
916 2377 1012 2417 Οἷδ’
1050 2379 1121 2416 ὅτι
1154 2389 1199 2417 σε
1235 2378 1479 2424 εὐφραίνει
1509 2385 1666 2425 κῶμμα

306 2431 405 2475 (corr
434 2428 600 2475 γράμμα)
624 2426 734 2474 ἐμὸν
766 2428 940 2475 ἐπιστολῇ
970 2427 1067 2464 citat
1095 2427 1259 2463 ‘rhomae
1282 2428 1380 2474 Mag.
1401 2439 1429 2463 ι.
1449 2439 1484 2463 v.
1507 2426 1665 2473 πέτομαι

306 2487 343 2522 p.
366 2479 447 2521 188,
462 2480 504 2511 11
525 2475 560 2511 Β.
629 2480 672 2512 18
692 2474 742 2512 ἂν
760 2487 822 2512 om
847 2476 884 2513 V
947 2479 991 2512 19
1011 2472 1072 2512 ἐπ’
1089 2474 1174 2511 coni
1201 2474 1310 2511 Wolf
