1806 2964
199 384 248 420 W

220 1020 255 1047 10

222 1348 254 1376 1⁶

271 217 360 261 204
859 218 1043 254 LIBANH

274 388 344 422 222
370 385 524 432 (Anecd.
545 385 618 422 t.11
636 398 673 433 p.
689 387 774 433 881)
904 376 1002 419 σκα’.

713 458 1016 520 Ἀνδρονίκῳ.
1055 469 1191 516 (3609)

333 549 371 586 1.
391 541 529 599 Ἡμεῖς
554 544 626 599 μὲν
645 541 805 604 ᾠόμεθα
830 545 900 587 τὸν
924 552 995 599 τῆς
1025 552 1099 599 σῆς
1123 545 1247 602 ἀρχῆς
1271 547 1415 601 χρόνον
1440 546 1640 601 εὐθυμίας

271 610 433 652 ἔσεσθαι
463 615 517 669 τῷ
545 610 658 652 παιδὶ
689 615 743 670 τῷ
768 611 926 661 Θέωνος
957 611 1102 666 χρόνον
1133 611 1177 654 ἔκ
1200 627 1239 654 τε
1264 607 1322 653 ὧν
1345 611 1571 666 ἐδεήθημεν
1594 612 1640 656 ἔκ

272 690 311 718 τε
336 671 394 718 ὧν
418 676 676 731 ἐπηγγέλλου,
702 675 724 718 ὅ
749 674 786 719 δ’
811 677 906 727 ἴσως
925 676 1084 719 ἐπαινεῖ
1099 677 1168 719 τὸν
1186 677 1379 732 πρότερον
1393 689 1401 698 ·
1428 678 1466 723 εί
1482 677 1525 720 δὲ
1543 677 1638 720 οὐδὲ

272 748 387 784 τοῦτο
413 747 524 784 ποιεῖ
543 742 610 783 διὰ
634 743 708 796 τὴν
727 742 959 796 ἐπιείκειαν,
986 740 1069 784 ἀλλ’
1093 744 1201 799 εἴπερ
1226 741 1375 802 ἐπῄνει,
1400 744 1564 794 δικαίως
1587 743 1639 786 ἂν

273 805 420 866 ἐπῄνει.
458 807 593 863 γέγονε
624 807 699 863 γὰρ
730 809 836 866 αὐτῷ
861 809 991 850 πάντα
1021 808 1153 850 ἐκεῖνα
1182 810 1357 864 γαλήνη,
1387 808 1435 851 τὰ
1464 808 1507 852 δὲ
1530 810 1639 866 παρὰ

274 879 347 914 σοῦ
372 873 559 927 πορθμὸς
583 875 779 924 Σικελίας.
826 877 864 916 2.
889 874 957 916 καὶ
983 873 1076 916 οὐδὲ
1100 874 1174 929 τὴν
1199 882 1278 916 τῶν
1306 876 1360 929 μὴ
1387 876 1517 928 φίλων
1542 873 1639 929 ἡμῖν

274 936 295 979 ὁ
321 939 439 992 φίλος
463 939 642 992 ἐμιμήσω
667 940 909 994 μετριότητα,
934 940 1034 995 πρὸς
1058 946 1248 982 τοσοῦτον
1273 940 1383 994 ἥκεις
1401 946 1473 982 τοῦ
1493 944 1639 995 φιλεῖν,

273 999 358 1045 ἀλλ’
387 1005 454 1046 ἵνα
477 1000 634 1060 Οὖρσος
660 1001 714 1046 δι’
736 1006 974 1061 εἰσπράξεως
992 1005 1136 1048 ἀδίκου
1154 1009 1396 1064 κολακευθῇ,
1420 1007 1640 1060 πεπότηται

274 1067 346 1123 μὲν
376 1070 424 1111 τὰ
454 1071 553 1125 πρὸς
584 1069 710 1125 ἡμᾶς,
739 1070 807 1113 καὶ
840 1075 1006 1127 τροφεῖα
1035 1079 1170 1126 κριοῦ,
1200 1071 1570 1127 καταπεφρόνηνται
1596 1071 1640 1114 δὲ

273 1136 473 1178 τοσούτων
498 1137 664 1191 γνώσεις
687 1136 896 1191 ὑπάρχων,
928 1137 1063 1180 δεινὸν
1087 1136 1130 1179 δὲ
1155 1137 1295 1192 οὐδέν,
1322 1137 1361 1179 εἰ
1383 1137 1451 1179 διὰ
1475 1144 1556 1180 τῶν
1580 1138 1639 1180 οἰ-

274 1203 392 1243 κείων
423 1202 537 1252 ὤσεις
567 1202 611 1244 τὸ
642 1203 770 1255 ξίφος.
816 1205 854 1244 3.
885 1202 988 1244 ἔοικέ
1015 1216 1058 1245 σε
1083 1202 1104 1245 ὃ
1129 1204 1255 1253 πολὺς
1278 1203 1461 1257 ἔπαινος,
1492 1199 1523 1245 ὦ
1548 1203 1656 1258 φίλέ

274 1282 375 1321 τατε,
401 1267 689 1323 διεφθαρκέναι
713 1268 780 1310 καὶ
805 1270 977 1322 νομίζεις
1001 1268 1044 1311 ἐν
1069 1273 1122 1327 τῷ
1146 1269 1241 1318 τοὺς
1259 1269 1507 1323 ἐπιτηδείους
1525 1269 1640 1312 ἐλαύ-

275 1348 361 1375 νειν
385 1333 455 1375 τὸν
473 1334 629 1376 Αἰακὸν
652 1338 839 1389 παρελᾶν.
863 1331 948 1375 ἀλλ’
977 1332 1070 1376 οὐδὲ
1094 1334 1189 1383 τοὺς
1213 1333 1256 1375 ἐν
1279 1335 1523 1392 νυκτομαχίᾳ
1548 1334 1640 1389 μέν·

275 1414 336 1441 τοι
361 1406 439 1441 τῶν
466 1401 597 1452 φίλων
621 1396 692 1441 ὑπ’
715 1399 879 1454 ἀγνοίας
904 1399 1153 1453 ἁπτομένους
1177 1399 1433 1454 ἐπαινοῦμεν,
1459 1396 1539 1442 ἀλλ’
1561 1399 1640 1443 ἐλε-

276 1471 413 1517 οῦμεν,
437 1465 504 1506 καὶ
528 1465 641 1507 αὐτοὶ
661 1464 705 1506 δέ
722 1466 798 1507 εἰσι
815 1472 895 1506 τῶν
913 1465 1061 1515 αὑτοὺς
1085 1465 1315 1519 ἐλεούντων,
1340 1466 1400 1507 ὅτι
1423 1465 1639 1521 ἠγνόησαν.

277 1615 314 1652 Β
351 1570 471 1651 ιλ-γη
493 1569 542 1614 α’,
568 1568 636 1617 οβ’.
676 1569 732 1606 Va
757 1583 802 1615 y.
837 1568 905 1605 ω’.
945 1569 997 1606 νο
1022 1568 1069 1615 γ’,
1101 1568 1169 1605 ια.
1202 1569 1232 1606 s
1254 1569 1302 1614 ε’,
1326 1568 1393 1610 ις’.
1433 1569 1533 1607 Vina
1562 1567 1639 1606 W.

316 1627 334 1652 e
380 1630 402 1660 η

349 1715 370 1748 2
397 1711 516 1748 Seeck
542 1715 599 1748 71.
626 1715 707 1748 878.
740 1711 909 1748 Silomon
934 1715 981 1748 48
1074 1714 1096 1748 8
1116 1712 1163 1748 of.
1184 1713 1211 1748 t.
1231 1711 1267 1748 11
1286 1715 1343 1758 71,
1359 1716 1465 1758 lsq.;
1503 1715 1585 1757 ⁶1⁶,
1605 1716 1637 1748 9.

278 1758 477 1796 Salzmann
489 1763 534 1796 41
589 1763 634 1796 10
659 1759 706 1796 cf.
727 1771 786 1806 ep.
808 1764 889 1797 188.
916 1759 1035 1796 Seeck
1055 1763 1124 1796 381
1172 1764 1214 1796 11
1230 1759 1283 1796 ef.
1300 1762 1327 1796 t.
1345 1759 1362 1795 1
1383 1763 1440 1803 99,
1456 1763 1512 1797 17.
1539 1759 1642 1796 Salz-

275 1817 391 1843 mnnn
418 1810 463 1843 79
518 1811 562 1843 12
583 1808 629 1844 cf,
649 1809 676 1844 t.
696 1807 749 1844 IV
767 1811 850 1852 472,
873 1811 929 1844 18.
955 1807 1042 1843 Her.
1062 1807 1114 1844 111
1135 1811 1190 1852 78,
1206 1811 1227 1843 2
1303 1811 1348 1844 16
1374 1807 1577 1844 Salzmnn
1590 1811 1634 1844 11

350 1919 371 1951 2
396 1918 448 1964 τῷ
473 1916 575 1963 αὐτῷ
600 1914 639 1962 (i.
659 1925 690 1952 ο.
715 1911 951 1964 Ἀνδρονίκῳ)
975 1915 1005 1953 S
1082 1918 1104 1951 8
1131 1912 1322 1961 εὐθυμίαν
1345 1914 1376 1952 S
1465 1919 1487 1951 4
1512 1917 1563 1963 τῷ
1571 1916 1638 1962 (2)]

278 1968 343 2035 τοῗ
368 1998 398 2035 S
437 2003 504 2035 τοῦ
526 1997 636 2034 Wolf
677 2000 684 2045 1
728 1996 868 2046 χρόνον
903 1997 1106 2035 delendum
1141 1999 1269 2035 conset
1296 1997 1353 2034 Re
1443 2001 1466 2034 6
1495 1995 1515 2034 δ’
1540 1997 1642 2035 Vina

278 2044 299 2082 ὃ
325 2046 381 2082 Be
426 2047 432 2092 Ι
477 2043 518 2082 δ’
540 2045 650 2082 Wolf
690 2047 696 2092 Ι
742 2045 876 2083 δεούδὲ
903 2047 960 2083 Va
1004 2048 1010 2092 Ι
1055 2046 1101 2083 οὐ
1127 2046 1227 2083 Vina
1318 2049 1338 2082 7
1370 2044 1418 2082 τὰ
1441 2044 1548 2090 παρὰ
1572 2050 1639 2082 σοῦ

277 2091 320 2129 δὲ
347 2093 448 2131 Vina
515 2097 561 2129 10
586 2091 640 2130 ἵν’
662 2094 692 2131 S
709 2094 716 2140 Ι
737 2094 872 2139 οὕρσος
897 2094 953 2131 Va
977 2092 998 2130 δ
1024 2093 1116 2139 ἔρως
1139 2093 1204 2136 σὸς
1220 2092 1330 2130 Wolf
1349 2094 1410 2130 An
1448 2093 1640 2139 Οὔρσαλος

279 2140 422 2178 Βίονοη
447 2144 577 2187 229,5.
604 2140 722 2178 Seeck
747 2145 817 2178 878
838 2144 845 2188 Ι
867 2141 1133 2185 διεισπράξεως
1158 2142 1214 2180 Va
1288 2145 1331 2177 11
1354 2140 1426 2224 μὲν
1449 2152 1512 2178 om
1536 2140 1643 2177 Wolf

277 2189 337 2224 An
358 2190 364 2236 Ι
385 2189 451 2226 καὶ
476 2194 634 2236 τροφεῖα
658 2194 768 2234 κριοῦ
792 2188 934 2226 inserui
959 2199 981 2226 ο
1007 2189 1075 2226 VS
1096 2190 1142 2226 ut
1170 2188 1256 2226 coni
1280 2188 1353 2226 Wo
1369 2188 1389 2224 f
1426 2189 1493 2225 καὶ
1515 2188 1639 2235 τροφὴ

279 2235 411 2282 ἄκριος
438 2237 554 2274 VaVo
579 2237 646 2273 ted
670 2236 710 2272 in
735 2236 808 2273 hoc
837 2237 962 2283 τροφὴ
993 2236 1125 2282 ἄκριος
1156 2236 1198 2273 in
1227 2241 1387 2283 τροφεῖα
1415 2242 1524 2282 κριοῦ
1558 2247 1642 2273 corr

278 2283 335 2319 ω’
379 2295 440 2321 om
467 2284 568 2321 Vina
591 2285 649 2322 Be
672 2284 806 2333 Wolf}
827 2282 1162 2331 καταπεφρόνηται
1185 2283 1295 2320 Wolf
1315 2285 1374 2320 An
1443 2288 1487 2320 12
1511 2289 1641 2321 τοσοῦ-

277 2344 344 2368 τον
370 2331 493 2369 VaBe
516 2332 583 2368 aed
608 2332 649 2368 in
673 2331 745 2369 hoe
770 2331 811 2368 in
835 2332 1022 2370 τοσούτων
1047 2343 1130 2369 corr
1150 2333 1157 2379 Ι
1177 2337 1312 2379 γνῶσις
1335 2330 1444 2368 Wolf
1501 2335 1547 2368 18
1566 2331 1639 2369 ἔοι-

278 2439 345 2464 κεν
369 2426 428 2463 Va
470 2379 699 2513 ίῖὔῗεῗςειςῧ
772 2431 816 2463 14
843 2426 884 2464 ἓν
912 2427 966 2464 Va
976 2428 1027 2464 Vo
1051 2427 1119 2464 ned
1143 2427 1183 2463 in
1207 2426 1280 2463 hoc
1304 2437 1350 2463 ex
1374 2426 1416 2464 ἐν
1441 2437 1524 2463 oon·
1546 2425 1604 2462 ω’
1631 2425 1637 2475 1

280 2473 445 2517 οἰκείους
501 2475 571 2512 imi
644 2478 687 2511 17
714 2475 854 2517 αὐτοὺς
878 2476 912 2513 V
933 2475 999 2512 ned
1020 2473 1032 2488 ’
1059 2475 1099 2511 in
1121 2473 1130 2488 “
1161 2486 1254 2520 corr,
1278 2473 1388 2511 Wolf
