1806 2964
621 220 890 258 EPISTULAE
917 222 1108 258 soe—309
1207 252 1209 254 .
1470 218 1555 262 287

830 343 900 398 τη’.
1486 350 1535 386 W
1561 354 1629 386 311

663 429 912 487 Μοδέστῳ.
947 433 1081 478 (3619)

245 519 282 556 1.
310 513 460 567 Μηδὲν
485 515 582 556 ἔστω
609 521 688 556 τῶν
707 520 790 556 σῶν
808 513 950 563 ἀτελές.
983 514 1037 568 μὴ
1057 515 1198 556 τοίνυν
1217 509 1315 568 μηδ’
1338 510 1561 567 Ὑπερέχιος

181 581 307 634 ἥμισυ
342 581 579 636 στρατιώτου
624 581 720 639 μήτε
759 576 862 622 ἔστω
897 580 993 634 μήτε
1032 581 1245 622 καλείσθω.
1286 586 1451 621 τοιαῦτα
1485 578 1560 634 γὰρ

181 647 496 696 ἐπισκώπτοντες
521 645 789 700 ὀνομάζουσιν
823 647 946 689 αὐτὸν
982 648 1025 688 οἱ
1052 646 1164 702 μέχρι
1190 647 1299 696 τίνος
1329 644 1493 702 προῦβη
1518 645 1561 687 τὸ
1600 659 1618 686 5

182 719 345 768 πρᾶγμα
370 712 527 762 εἰδότες.
563 716 601 753 2.
627 708 683 754 ἵν’
712 708 788 754 οὖν
812 712 991 763 ἐκείνους
1014 729 1054 754 τε
1079 714 1299 767 παύσωμεν
1324 720 1404 753 τῶν
1429 724 1562 765 σκωμ-

184 780 319 833 μάτων
343 778 411 820 καὶ
435 779 563 836 τούτῳ
589 795 627 820 τι
650 778 814 834 γένηται
838 766 987 821 τέλειον
1011 779 1187 835 ἀγαθόν,
1211 780 1342 835 γράφε
1368 779 1468 834 πρὸς
1492 778 1563 820 τὸν

182 844 354 899 ἄρχοντα
386 847 597 899 Γαλατῶν,
629 845 700 888 τὸν
731 845 903 901 χρηστὸν
931 841 1133 900 Ἀκάκιον,
1166 845 1193 886 ἃ
1219 844 1262 887 σὲ
1295 845 1388 901 περὶ
1418 846 1563 887 τούτου

182 912 354 967 γράφειν
379 911 503 960 εἰκός·
530 911 585 961 ὡς
610 911 685 965 τὴν
709 912 906 967 προτέραν
938 912 1151 965 ἐπιστολὴν
1183 912 1259 954 οὐκ
1292 911 1564 966 ἐτολμήσαμεν

179 974 367 1036 Ἐκδικίῳ
389 979 515 1027 δεῖξαι
534 978 734 1029 δείσαντες
749 979 804 1032 μὴ
824 978 915 1033 περὶ
933 979 1009 1032 τὴν
1027 979 1189 1032 ὕφαλον
1207 979 1310 1036 ραγῇ
1331 979 1375 1021 τὸ
1396 979 1562 1031 σκάφος.
1585 993 1622 1019 ιο

186 1047 226 1086 3.
250 1043 377 1085 πολλὰ
401 1044 476 1099 γὰρ
508 1044 660 1095 ἐκεῖνος
690 1051 853 1086 τοιαῦτα
883 1052 1012 1086 ποιῶν
1047 1046 1293 1101 ηὐφραίνετο
1325 1044 1393 1087 καὶ
1418 1045 1470 1099 δὴ
1496 1045 1565 1086 καὶ

186 1110 311 1168 τούτῳ
350 1110 471 1164 δῆλος
510 1106 561 1164 ἦν
597 1111 780 1164 ποιήσων
816 1111 940 1160 ἕλκος.
987 1107 1073 1152 ἀλλ’
1109 1112 1182 1166 οὐχ
1213 1110 1234 1152 ὁ
1267 1118 1346 1152 νῦν
1378 1110 1489 1166 ἄγων
1520 1111 1564 1152 τὸ

186 1177 332 1230 ἔθνος,
363 1176 461 1218 ἀλλὰ
493 1176 557 1218 καὶ
590 1184 662 1218 τοῦ
695 1179 855 1220 δικαίου
886 1178 1007 1233 λόγον
1037 1177 1105 1219 καὶ
1135 1184 1207 1219 τοῦ
1239 1178 1303 1219 σοὶ
1333 1178 1566 1232 χαρίζεσθαι

185 1243 429 1296 ποιούμενος
454 1242 575 1284 οὐδὲν
602 1243 845 1300 ὁιαστρέψας
870 1251 941 1298 τῆς
966 1244 1162 1298 ἀληθείας
1193 1245 1312 1286 δώσει
1342 1244 1412 1293 τὰς
1438 1243 1565 1299 ἀφορ-

185 1309 264 1364 μὰς
288 1313 342 1366 τῷ
367 1308 476 1351 τέλει.
1587 1325 1621 1352 1⁵

838 1400 915 1443 τθ’.
1493 1408 1543 1444 W
1569 1412 1640 1444 312

669 1488 917 1545 Θεμιστίῳ.
952 1491 1041 1535 (361
1053 1491 1088 1535 ἓ)

254 1574 290 1610 1.
317 1571 381 1611 Σὺ
409 1568 451 1611 δὲ
471 1569 660 1624 ἤσχαλλες
678 1572 970 1624 παιδευόμενος
989 1571 1073 1613 τότε
1094 1571 1278 1625 οἰόμενος
1295 1570 1386 1626 περὶ
1405 1578 1569 1626 πρᾶγμα

191 1635 389 1691 ἄχρηστον
414 1635 643 1677 ἀναλίσκειν
667 1636 738 1678 τὸν
763 1637 905 1692 πόνον,
930 1637 1084 1691 ἔμελλες
1111 1636 1154 1679 δὲ
1185 1636 1264 1692 ἄρα
1290 1638 1570 1692 δεηθήσεσθαι

191 1709 270 1744 τῶν
300 1704 428 1757 βελῶν
460 1701 636 1744 ἐκείνων.
678 1702 809 1757 ἄρχεις
845 1704 941 1759 γάρ,
967 1708 1020 1760 τῷ
1058 1703 1102 1745 δὲ
1133 1702 1296 1760 ἄρχοντι
1331 1705 1397 1746 δεῖ
1421 1703 1566 1759 λόγων,
1586 1717 1623 1743 20

191 1768 321 1821 ὥσπερ
347 1773 430 1817 τοῖς
456 1768 645 1811 πλέουσιν
671 1770 835 1811 οἰάκων.
875 1773 913 1810 2.
939 1767 1025 1811 ἀλλ’
1055 1770 1164 1819 ὅπως
1189 1768 1322 1828 ἡγήσῃ
1348 1769 1403 1824 μὴ
1429 1770 1473 1812 τὸ
1499 1769 1570 1819 τὰς

267 1881 284 1908 1
319 1875 382 1910 Vll
398 1875 448 1917 α’,
468 1873 540 1921 oq'.
564 1874 621 1910 Va
639 1872 686 1919 γ’,
707 1874 777 1918 (ις’.
805 1875 858 1912 Vo
877 1874 923 1921 γ’,
945 1875 1013 1920 ρς’.
1041 1875 1082 1911 D
1105 1878 1178 1923 σμῆ
1231 1878 1275 1910 16
1310 1875 1378 1911 VII
1400 1875 1449 1920 α’,
1469 1874 1569 1922 uqoe'.

202 1922 257 1957 Va.
281 1920 327 1967 γ’,
353 1922 416 1966 9?-
451 1922 504 1959 Vo
530 1922 576 1970 γ’,
602 1921 666 1968 ρξ’·
693 1923 723 1960 S
744 1921 792 1967 δ’,
818 1922 881 1968 με’

267 2023 287 2054 2
315 2019 361 2055 cf.
383 2030 442 2065 ep.
463 2023 545 2056 617.
573 2019 720 2056 Sievers
740 2023 822 2062 257,
844 2024 875 2056 3.
904 2019 1024 2056 Seeck
1050 2023 1131 2056 214.
1159 2023 1241 2056 378.
1269 2019 1438 2057 Silomon
1465 2024 1511 2056 47

196 2070 216 2101 3
244 2066 362 2103 Seeck
391 2070 461 2103 182
536 2071 558 2103 8
585 2069 631 2104 cf.
652 2080 710 2114 ep.
731 2072 813 2105 617.
841 2068 960 2105 Seeck
988 2072 1033 2105 38
1113 2072 1157 2105 10
1184 2068 1304 2105 Seeck
1326 2073 1395 2105 125
1418 2071 1424 2114 1
1447 2069 1494 2105 cf.
1521 2068 1573 2104 ad

196 2117 221 2150 t.
244 2114 277 2149 V
296 2119 378 2199 ἰῇ»,
394 2120 436 2152 11
500 2120 544 2151 12
565 2116 727 2152 Aeacius
788 2120 831 2152 17
852 2117 900 2153 cf.
921 2128 980 2163 ep.
1002 2120 1085 2153 635.
1110 2116 1231 2153 Seeck
1257 2120 1339 2154 307.
1367 2121 1448 2154 379.
1475 2116 1573 2153 Silo-

195 2174 285 2200 mon

271 2266 291 2295 3
317 2262 367 2307 μὴ
395 2259 433 2295 δ’
469 2261 566 2297 VoD
643 2265 665 2296 4
692 2262 921 2306 στρατιώτου
947 2262 984 2298 V
1003 2262 1070 2298 sed
1096 2275 1119 2298 v
1145 2262 1185 2297 in
1211 2273 1273 2298 ras
1297 2261 1356 2297 m⁸
1424 2266 1445 2298 5
1469 2262 1575 2305 τινὸς

206 2308 263 2344 Va
340 2313 358 2344 7
385 2307 422 2344 τί
448 2310 484 2346 V
503 2309 571 2345 sed
590 2309 601 2322 ‘
621 2309 696 2345 add
721 2309 780 2346 111⁶
876 2308 1031 2357 γένηται
1053 2310 1206 2357 reposui
1233 2320 1254 2346 e
1277 2309 1388 2346 libris
1423 2310 1574 2358 γένοιτο

197 2355 309 2392 Wolf
359 2361 467 2393 8τῶν
485 2360 575 2394 ansse
595 2360 778 2395 Γαλατῶν
849 2357 907 2394 olf
944 2358 1067 2394 delevi
1142 2362 1185 2394 11
1213 2357 1442 2404 εὐφραίνετο
1469 2360 1527 2397 Va

200 2403 445 2450 εὐφραίνεται
471 2406 512 2442 D
581 2410 625 2441 12
644 2411 757 2442 τοῦτο
786 2407 902 2444 VaVo
927 2407 994 2443 sed
1013 2407 1053 2442 in
1072 2406 1144 2443 hoc
1169 2421 1198 2443 ω
1217 2417 1335 2453 supra
1360 2420 1380 2444 ο
1451 2410 1495 2444 13
1514 2408 1576 2445 σοὶ

206 2452 241 2487 V
263 2453 327 2488 sed
356 2454 368 2489 1
395 2464 441 2489 ex
465 2459 488 2489 ῦ
515 2465 598 2490 corr
624 2455 679 2490 m⁴
732 2457 776 2490 17
803 2458 854 2503 τῷ
880 2455 981 2504 αὐτῷ
1007 2455 1047 2501 (ἰ.
1068 2466 1101 2491 e.
1114 2454 1371 2504 Ὁνωράτῳ)δ’
1420 2460 1464 2492 19
1490 2456 1573 2501 δεή-

201 2503 337 2537 σεσθαι
364 2502 398 2538 V
418 2501 485 2538 sed
510 2513 571 2539 ras
599 2506 620 2538 2
646 2502 710 2538 litt
733 2504 818 2548 poet
843 2504 920 2550 ε(1)
994 2507 1038 2540 21
1065 2502 1135 2550 μὲν
1160 2503 1190 2541 S
