1806 2964
244 607 260 633 ὅ

228 934 262 960 10

231 1261 264 1287 15

275 219 363 262 246
867 215 1049 252 LIBANII

277 330 376 385 λάγη
401 337 480 370 τῶν
505 329 634 372 ἄλλων
660 330 780 372 οὐδὲν
805 331 918 384 ἰδών,
943 330 1029 384 ἐμοὶ
1054 330 1097 371 δὲ
1121 331 1250 378 δοκεῖς
1275 329 1323 370 οὐ
1350 328 1495 381 μᾶλλόν
1519 342 1564 382 γε
1587 331 1640 384 τῷ

278 396 478 437 διδάσκειν
510 395 678 448 ὠφελεῖν
709 395 735 449 ἢ
766 400 820 453 τῷ
852 395 947 449 μετὰ
976 396 1146 445 κάλλους
1170 395 1415 449 εὐφραίνειν.
1454 395 1492 434 9.
1517 393 1641 446 κάλλη

279 461 322 502 δέ
348 473 411 502 σοι
428 461 476 502 τὰ
495 461 567 514 μὲν
586 461 625 511 ἐξ
647 458 827 514 Ἰταλίας,
851 461 898 501 τὰ
917 460 960 502 δὲ
978 461 1019 510 ἐξ
1038 461 1248 514 Αἰτωλίας,
1272 459 1450 500 ἐνταῦθα
1471 457 1544 511 μὲν
1561 457 1640 500 ἀπὸ

277 533 347 580 τῆς
371 527 525 575 εἰκόνος
548 527 615 568 καὶ
640 533 719 568 τῶν
743 527 787 568 ἐν
811 527 909 584 οἴνῳ
937 525 1244 580 πεπραγμένων,
1275 525 1361 566 ἐκεῖ
1385 523 1427 565 δὲ
1460 522 1538 564 ἀπὸ
1563 529 1642 586 τῷν

280 592 347 633 διὰ
365 598 444 632 τῶν
457 591 684 646 Εὐριπίδου
704 591 972 645 σεσωσμένων.
1005 590 1103 645 ὁρᾶν
1123 590 1197 646 γὰρ
1217 591 1267 644 δὴ
1289 591 1395 631 δοκῶ
1413 589 1506 638 τοὺς
1525 588 1643 641 ἐπτη-

278 658 394 711 χότας
425 656 491 698 καὶ
522 657 733 711 τρέμοντας
764 656 962 711 φαιδροὺς
989 656 1054 697 ἐπὶ
1077 660 1161 705 τοῖς
1185 654 1334 712 ᾅσμασι
1356 654 1423 696 καὶ
1448 658 1642 709 τεθαρρη-

278 723 409 771 κότας.
446 722 514 763 καὶ
534 724 658 778 χαίρω
683 738 740 777 γε,
769 722 821 775 νὴ
845 727 919 775 τὴν
941 718 1142 775 Ἀθηνᾶν,
1174 722 1234 763 ὅτι
1264 737 1332 774 μοι
1357 720 1378 762 ὁ
1402 719 1644 774 Εὐριπίδης,

279 788 355 829 οὐκ
378 787 535 842 ἀγνοεῖς
554 788 663 837 ὅπως
680 789 917 843 περικάομαι
936 793 1006 828 τοῦ
1025 793 1208 841 ποιητοῦ,
1230 791 1313 836 τοῖς
1329 784 1547 840 ἠτυχηκόσι
1563 791 1643 826 τῶν

280 857 452 894 πολιτῶν
482 853 561 895 ἀπὸ
593 860 672 894 τῶν
700 854 910 908 δραμάτων
934 852 1104 905 ἐφύλαξε
1128 852 1198 902 τὰς
1222 852 1366 906 ψυχάς.
1412 853 1478 892 10.
1504 849 1551 891 ὅν
1576 865 1644 903 μοι

283 920 411 968 δοκεῖς
440 918 601 960 καλέσαι
632 920 811 973 μάρτυρα
842 918 968 972 μόνον
999 918 1071 972 οὐχ
1102 916 1156 967 ὥς
1187 917 1262 959 οὐκ
1285 917 1384 971 ἔχων
1408 915 1477 958 καὶ
1500 914 1645 965 ἄλλους

281 984 381 1039 ὑπὲρ
405 991 486 1025 τῶν
511 984 643 1026 αὐτῶν
669 988 817 1037 καλεῖν,
842 980 925 1024 ἀλλ’
955 984 1021 1024 ’ἵνα
1047 998 1113 1036 μοι
1137 982 1328 1037 παράγων
1352 980 1456 1034 τάμὰ
1479 979 1646 1022 παιδικὰ

283 1050 408 1103 μόνον
438 1049 506 1091 καὶ
535 1050 629 1106 τῇδε
662 1051 844 1104 χαρίζοιο.
884 1050 1105 1101 πεποίηκας
1137 1047 1212 1102 γὰρ
1244 1046 1488 1100 προσόμοιόν
1522 1061 1559 1086 τι
1592 1049 1646 1103 τῷ

283 1116 392 1168 πόμα
411 1114 482 1168 μὲν
503 1116 526 1156 ὅ
543 1131 581 1156 τι
599 1116 745 1168 δήποτε
769 1114 877 1168 παρὰ
900 1121 971 1156 τοῦ
1000 1115 1202 1165 διψῶντος
1226 1111 1443 1166 αἰτηθέντι,
1468 1111 1579 1153 δόντι
1603 1110 1647 1152 δὲ

288 1182 437 1222 Θάσιον
462 1177 588 1235 οἶνον,
614 1181 715 1222 διότι
738 1180 808 1222 τὸν
833 1176 1004 1234 ἠτηκότα
1028 1178 1216 1232 ἠπίστατο
1234 1182 1289 1235 τῷ
1312 1179 1446 1234 Θασίῳ
1465 1177 1647 1232 προσκεί-

285 1263 418 1301 μενον.
455 1254 570 1289 τοῦτο
596 1247 670 1301 γάρ
697 1245 800 1287 ἐστιν
819 1245 922 1299 ὁμοῦ
940 1244 1008 1286 καὶ
1025 1244 1069 1286 τὸ
1090 1245 1212 1296 δίψος
1230 1242 1450 1284 ἀκέσασθαι
1467 1241 1535 1284 καὶ
1553 1241 1646 1295 μετὰ

285 1314 463 1366 μείζονος
487 1311 650 1366 ἡδονῆς.
692 1316 758 1352 11.
783 1307 866 1352 εἶτα
891 1311 940 1352 οὐ
964 1311 1013 1352 σύ
1031 1325 1074 1365 γε
1092 1309 1294 1362 εὐδαίμων
1313 1307 1367 1357 ὣς
1386 1307 1550 1361 ἀληθῶς
1567 1322 1647 1349 τοι-

284 1386 384 1420 αῦτα
404 1379 712 1431 διερευνώμενος
730 1376 797 1418 καὶ
817 1382 977 1418 τοιαῦτα
995 1376 1265 1430 δωρούμενος,
1287 1374 1435 1427 μᾶλλόν
1455 1388 1498 1428 γε
1516 1372 1544 1427 ἢ
1558 1369 1648 1414 Ἀν-

358 1522 402 1553 14
429 1517 476 1554 cf.
497 1518 523 1553 t.
546 1517 577 1551 v
599 1520 700 1562 24‚⁵.
729 1515 928 1552 sumana
955 1518 1000 1551 39
1095 1487 1137 1551 ιὰ
1164 1514 1261 1550 Plat.
1288 1513 1385 1549 Men.
1405 1525 1442 1559 p.
1464 1512 1552 1548 90A

360 1653 377 1683 l
405 1654 480 1684 τῶν
506 1649 562 1685 Be
587 1647 654 1683 sed
679 1653 708 1683 ὦ
734 1648 775 1683 in
799 1657 860 1683 ras
887 1646 943 1682 ω’
964 1648 970 1692 Ι
998 1646 1092 1682 ἰδών
1116 1645 1251 1691 scripsi
1277 1654 1297 1680 e
1323 1645 1479 1681 VVaVo
1494 1643 1648 1679 WVind

287 1697 398 1737 εἰδώς
422 1696 513 1732 SBe
537 1695 646 1731 Wolf
664 1697 669 1741 Ι
691 1708 733 1741 γε
756 1694 898 1730 inserui
923 1704 944 1730 o
971 1695 1007 1731 V
1026 1693 1092 1730 sed
1119 1707 1140 1740 y
1166 1703 1186 1729 e
1210 1706 1231 1728 τ
1256 1702 1338 1728 corr
1362 1691 1430 1734 m‘,
1449 1690 1650 1728 SWVind

288 1745 344 1780 Be
380 1742 417 1780 τί
442 1744 499 1780 Va
540 1756 576 1779 τι
604 1743 655 1780 Vo
692 1753 753 1778 om
778 1741 887 1778 Wolf
921 1743 927 1788 Ι
966 1746 984 1778 1
1018 1742 1057 1778 ot
1088 1744 1108 1776 2
1135 1746 1187 1776 τῶ
1219 1741 1276 1777 Be
1300 1739 1366 1775 sod
1392 1745 1421 1775 ῶ
1447 1750 1492 1774 ex
1518 1738 1539 1776 ὸ
1564 1748 1646 1774 corr

288 1790 345 1826 m'
417 1795 439 1826 4
465 1792 507 1828 ἐν
534 1789 676 1832 Οἰνέως
701 1790 786 1826 coni
817 1789 997 1827 Boivinus
1029 1787 1279 1835 probabiliter
1310 1787 1377 1823 sed
1406 1787 1509 1823 totus
1543 1785 1648 1822 locun

288 1838 454 1875 tenebris
468 1839 712 1875 circumfusus
733 1839 791 1874 est
851 1841 872 1873 6
892 1836 1054 1882 ἅσμασιν
1064 1837 1118 1874 Va
1153 1835 1284 1882 αἵμασι
1302 1835 1358 1872 Be
1419 1837 1439 1870 7
1454 1831 1604 1877 εὐοιπίδ
1631 1847 1650 1877 ς

289 1887 347 1923 Be
371 1886 438 1922 sed
463 1887 545 1931 εὐρι
569 1886 609 1922 in
634 1896 695 1922 ras
714 1885 770 1922 ω’
849 1888 872 1921 8
886 1884 928 1921 δὲ
946 1889 1034 1930 post
1052 1885 1203 1931 ἀγνοεῖς
1221 1884 1277 1920 Be
1295 1881 1404 1918 Wolf
1437 1881 1559 1917 delevi
1580 1882 1586 1928 Ι
1605 1847 1650 1923 39

290 1935 379 1970 ante
403 1939 481 1975 τοῖς
505 1934 700 1972 SWVind
725 1932 833 1969 Wolf
854 1934 894 1970 ot
910 1932 951 1968 in
970 1942 1079 1979 marg
1102 1931 1204 1967 inser
1222 1930 1272 1967 V‘
1318 1929 1441 1966 delevi
1462 1931 1468 1976 Ι
1489 1935 1569 1972 τοῖς
1591 1929 1650 1965 in-

291 1981 390 2018 serui
410 1993 431 2018 e
449 1981 557 2018 libris
575 1982 621 2017 ut
638 1981 725 2018 coni
743 1981 798 2016 Re
841 1991 903 2018 om
915 1978 1024 2015 Wolf
1093 1982 1138 2015 10
1158 1979 1201 2015 οὐ
1234 1981 1333 2014 —12
1352 1974 1470 2024 μόνον
1482 1976 1524 2012 in
1542 1986 1651 2024 marg

290 2029 391 2066 inser
416 2031 473 2066 Be
546 2032 591 2065 10
617 2029 734 2070 ἄλλως
758 2029 812 2066 Vo
896 2031 939 2064 11
965 2026 1051 2072 περὶ
1077 2026 1107 2063 S
1116 2027 1169 2063 W
1208 2026 1276 2062 ind
1356 2028 1399 2061 12
1425 2023 1497 2071 γὰρ
1522 2024 1563 2060 in
1589 2036 1650 2062 ran

291 2077 367 2113 Be·
393 2076 399 2125 Ι
426 2089 462 2113 τι
488 2089 549 2113 om
572 2077 776 2114 SWVind
849 2079 894 2112 13
918 2074 1023 2120 παρά
1046 2087 1114 2110 του
1142 2074 1239 2111 Vina
1306 2076 1352 2110 14
1377 2071 1506 2119 ἐπειδὴ
1533 2071 1650 2109 Vsed

291 2124 331 2160 in
350 2136 412 2160 ras
437 2125 504 2169 m‘,
530 2124 731 2162 SWVind
775 2126 781 2171 Ι
826 2122 1007 2170 ἠπίστατο
1039 2123 1097 2159 Be
1127 2121 1194 2158 sed
1225 2121 1250 2167 ὴ
1284 2132 1330 2157 ox
1361 2120 1385 2157 ὑ
1417 2131 1499 2157 corr
1522 2119 1580 2156 m’

295 2199 338 2231 ιε
371 2186 481 2233 τοῦθ,
514 2197 567 2233 Vo
593 2196 710 2245 τούτῳ
737 2195 803 2233 VS
817 2194 972 2232 WVina
1009 2193 1016 2243 ι
1050 2194 1093 2230 τὸ
1120 2204 1181 2230 om
1207 2194 1263 2230 Be
1286 2191 1395 2229 Wolf
1465 2194 1509 2227 ιτ
1535 2191 1650 2228 am-

293 2242 387 2288 μίων
412 2245 469 2280 Be
493 2244 559 2280 sed
585 2256 613 2280 ω
638 2244 678 2279 in
699 2253 761 2279 ru
786 2242 843 2279 ω’

366 2379 389 2410 4
414 2373 575 2422 εἰκόνος]
600 2372 623 2420 ἢ
647 2379 716 2411 τοῦ
751 2373 1002 2419 Φιλοστράτου
1030 2370 1048 2385 ”
1075 2377 1142 2419 τῆς
1165 2377 1240 2409 τῶν
1270 2372 1442 2408 παλαιῶν
1476 2372 1649 2415 Γραικῶν

295 2422 492 2468 μιμήσεωςε
520 2422 615 2467 ἅπερ
643 2421 684 2458 ἐν
704 2419 842 2471 Ἰταλίᾳ
867 2420 934 2468 μὲν
960 2386 1153 2467 ἐποίησας,
1186 2420 1334 2457 ἐκεῖθεν
1366 2419 1408 2455 δὲ
1432 2418 1528 2464 πρὸς
1551 2417 1650 2465 ἡμᾶς

295 2469 496 2516 μετήγαγες
519 2469 560 2506 in
578 2480 687 2516 marg
711 2469 768 2506 Be
