1806 2964
269 224 355 266 724
849 222 960 258 LIBA
966 223 1032 258 ΝΠ

267 335 468 387 ποταμοὺς
498 334 561 375 καὶ
595 341 774 387 ποταμοῦ
807 335 1077 388 φοβερώτερος
1113 334 1275 387 ἔμπιπτε
1313 340 1395 385 τοῖς
1432 336 1622 387 τοξόταις,

269 399 362 453 μετὰ
392 406 514 441 ταῦτα
549 399 591 442 δὲ
623 401 819 455 βουλεύσῃ
850 398 940 454 περὶ
970 394 1028 440 ὧν
1058 400 1393 453 βεβουλεύσεσθαι
1417 397 1513 458 φῄς.
1555 399 1622 454 ἐμὲ

268 465 311 507 δὲ
345 465 575 520 εὐφραίνων
610 465 663 519 μὴ
701 466 831 521 κάμῃς
866 461 927 513 οἷς
960 465 1082 514 ἔξεστι
1106 465 1175 507 τὸν
1208 465 1378 506 ἀπόντα·
1414 465 1467 516 ὡς
1504 466 1622 521 ἔγωγε

268 531 452 573 ἐπιστελῶ
486 531 809 586 προκαλούμενος
839 531 1046 584 γράμματα
1078 530 1125 571 τὰ
1155 531 1204 572 σὰ
1236 530 1314 573 ἀπὸ
1347 531 1467 584 μέσης
1497 531 1623 585 μάχης

233 610 250 638 ⁶
269 598 463 638 πιστεύων
497 597 554 638 ὅτι
589 596 655 637 καὶ
689 593 797 637 ταῦτ’
835 595 886 636 ἂν
920 596 981 648 εἴη
1015 602 1085 649 τῆς
1118 602 1192 648 σῆς
1225 597 1383 648 φύσεως
1413 596 1562 637 τάττειν
1585 611 1623 638 τε

270 661 372 716 ὁμοῦ
398 662 563 716 στρατὸν
595 661 662 702 καὶ
686 662 912 714 τιτρώσκειν
943 660 1010 702 καὶ
1043 661 1286 703 ἐπιστέλλειν.
1331 665 1369 703 8.
1395 662 1521 711 οὕτως
1545 661 1624 703 ὑπὸ

269 734 340 768 τοῦ
366 728 545 780 σώματος
569 727 785 780 ἀδικοῦμαι
810 726 960 779 μέλλων
984 726 1146 768 ἀκούειν
1171 726 1197 767 ἃ
1221 734 1320 781 χρῆν
1339 726 1453 781 ὁρᾶν·
1480 725 1625 768 Σέλευ-

270 810 340 842 κος
365 792 408 834 δὲ
433 792 454 834 ὃ
480 794 673 847 μακάριος
699 791 840 843 ὄψεται
864 796 993 842 καλῶς
1023 792 1189 845 προθεὶς
1220 792 1286 833 καὶ
1316 792 1505 847 γυναικὸς
1529 791 1625 847 ὠγα-

270 863 352 912 θῆς
376 858 442 899 καὶ
467 858 609 908 παιδὸς
633 857 840 912 ἀγαπητῆς
869 858 943 910 τὴν
975 857 1054 900 ἀπὸ
1079 864 1149 900 τοῦ
1175 859 1339 914 τοιούτῳ
1365 860 1521 912 βασιλεῖ
1540 858 1625 899 δια-

220 941 253 965 ιο
273 927 406 964 κονεῑν
431 923 619 964 εὔκλειαν.

202 1014 248 1048 w
275 1018 342 1050 713
913 982 991 1037 “²7'‘

707 1055 1036 1111 Κωνσταντίφ.
1087 1065 1193 1108 (363)

338 1142 373 1178 1.
399 1138 463 1178 Σὺ
498 1137 569 1190 μὲν
603 1137 759 1192 ἀγαθὸς
792 1137 1021 1188 ἐπιστείλας,
1055 1136 1131 1191 ἐγὼ
1166 1136 1208 1178 δὲ
1238 1136 1385 1191 ἀτυχὴς
1409 1138 1457 1178 οὐ
1483 1138 1653 1191 λαβών,Δ

274 1204 465 1258 προδόται
490 1202 532 1244 ὁὲ
557 1203 711 1256 ἀμφοῖν
737 1204 779 1244 οἶ
799 1203 914 1244 κακοὶ
939 1203 1028 1257 περὶ
1053 1202 1096 1243 τὸ
1122 1203 1263 1257 δῶρον.
1307 1199 1391 1243 ἀλλ’
1421 1202 1550 1257 ἔμοιγε
1581 1202 1630 1244 ού

221 1284 256 1311 1⁶
275 1269 418 1323 μικρὸν
442 1269 499 1318 εἰς
522 1268 724 1321 εὐθυμίαν
756 1269 799 1309 τὸ
824 1272 982 1320 πλῆθος
1015 1275 1093 1308 τῶν
1123 1267 1348 1322 γενομένων
1378 1267 1631 1322 γραμμάτων,

274 1334 311 1375 εἰ
332 1333 399 1374 καὶ
432 1333 484 1386 μὴ
518 1333 628 1388 μέχρι
659 1340 736 1374 τῶν
768 1333 876 1387 ἐμῶν
907 1337 1086 1388 προῆλθε
1118 1340 1268 1387 χειρῶν.
1315 1336 1351 1373 2.
1385 1332 1565 1388 πράττεις
1590 1330 1632 1373 δὲ

350 1429 391 1460 11
426 1426 492 1462 1⁷11
520 1424 567 1472 β’,
593 1424 696 1472 ρᾳθῖ
738 1425 793 1461 Va
818 1423 859 1469 ζ’,
892 1423 961 1470 QQ'.
1003 1425 1054 1460 Vo
1084 1423 1139 1470 (ζ’,
1165 1423 1251 1472 Qq').
1284 1425 1361 1461 Mo.
1394 1424 1423 1461 S
1445 1423 1493 1468 δ’,
1516 1422 1568 1460 π’.
1593 1423 1634 1459 D

276 1472 341 1519 μα’
365 1472 442 1519 (fol.
465 1474 522 1517 12)
548 1476 587 1509 et
612 1471 701 1518 ρπα’
727 1471 805 1518 (fol.
825 1475 896 1517 45).
923 1472 998 1509 Ath
1568 1503 1572 1508 .

351 1566 369 1596 7
397 1563 514 1597 Seeck
541 1565 609 1597 272
659 1565 680 1596 8
696 1573 749 1607 sq.
772 1561 1004 1597 Alexandr-ne
1024 1565 1062 1598 et
1082 1560 1316 1607 Olympiadis
1338 1562 1382 1597 ef.
1399 1560 1513 1597 Seeck
1541 1563 1586 1596 56

278 1608 497 1692 ιΧΞΧὲῘίζτοιτέ
523 1613 610 1654 257,
631 1613 670 1654 4;
705 1613 770 1644 121
799 1610 874 1644 not.
895 1613 951 1645 97.
996 1608 1115 1645 Seeck
1149 1613 1228 1644 112.
1256 1612 1324 1645 396
1363 1610 1483 1646 Amm.
1519 1609 1635 1645 Marc.

354 1792 372 1824 l
393 1739 598 1836 βάεεβῗέὶιῗιςς
629 1789 678 1824 W
765 1791 786 1822 2
812 1793 1025 1833 μεταταῦτα
1050 1788 1149 1823 Vim!
1188 1788 1194 1833 Ι
1239 1788 1332 1832 ὑπὲρ
1354 1788 1422 1824 Mo
1462 1788 1466 1835 Ι
1507 1789 1547 1835 βε
1574 1800 1636 1823 ου-

279 1836 479 1872 λεύσεσθαι
511 1835 645 1881 scripsi
675 1836 948 1882 βεβουλεῦσθαι
981 1834 1069 1870 libri
1110 1834 1218 1871 Wolf
1258 1837 1264 1882 Ι
1310 1835 1384 1881 φής
1417 1835 1505 1871 libri
1585 1835 1643 1871 olf

309 1978 317 1986 ·
353 1934 374 1966 8
400 1930 442 1967 δὲ
466 1930 567 1966 inser
592 1930 667 1966 Ath
694 1930 699 1978 Ι
727 1895 899 1990 κάμῖςςδ
966 1933 987 1965 8
1013 1930 1121 1971 ὦς-
1135 1934 1157 1965 4
1183 1930 1301 1977 μάχης
1324 1929 1538 1976 praemissis
1558 1941 1639 1966 ver·

278 1977 339 2014 bis
363 1979 947 2024 προσκαλοῦμαι-ταττεται
971 1975 1012 2013 δὲ
1039 1978 1104 2014 καὶ
1130 1977 1189 2015 ἐπὶ
1216 1983 1290 2014 τῶν
1315 1978 1357 2014 ἐν
1380 1984 1463 2019 ταῖς
1487 1975 1638 2015 πόλεσιν

281 2026 506 2070 ἐπικούρων·
543 2025 749 2072 αἰτιατικῇ,
776 2025 826 2066 ὡς
855 2025 921 2061 καὶ
945 2025 1127 2072 Λιβάνιος
1151 2024 1244 2060 citat
1274 2025 1495 2072 Lacapenus
1526 2025 1637 2072 epim.

281 2097 338 2132 ed.
370 2096 412 2133 G.
441 2097 633 2132 Hermann
658 2096 712 2132 De
739 2096 884 2133 emend.
909 2098 981 2132 τοὺ.
1009 2107 1165 2143 gramm.
1196 2108 1234 2142 p.
1254 2099 1334 2140 378,
1355 2101 1401 2133 24
1497 2100 1519 2131 4
1550 2085 1641 2141 2:03¹—

279 2144 508 2190 καλούμενος
533 2144 561 2180 S
601 2144 926 2190 προσκαλούμενος
958 2144 1083 2190 Laoap
1117 2146 1123 2189 1
1161 2143 1210 2180 τὰ
1233 2143 1297 2180 del
1320 2144 1357 2188 8,
1384 2155 1445 2180 om
1471 2145 1527 2181 Va
1545 2144 1642 2181 Vina

282 2192 406 2228 DAth
425 2191 548 2238 Lacap
570 2195 576 2237 Ι
599 2191 666 2227 στὰ
679 2192 756 2228 Ath
776 2194 782 2237 1
802 2196 870 2237 τῆς
887 2194 975 2228 ante
1000 2191 1120 2238 μάχης
1144 2190 1253 2228 Wolf
1284 2191 1406 2227 delevi
1491 2196 1512 2227 5
1536 2189 1639 2228 τοῦτ’

289 2239 389 2275 Vimi
483 2243 504 2274 6
531 2239 601 2285 ἐγὼ
627 2238 696 2285 μὲν
721 2237 791 2275 οὖν
816 2241 904 2275 ante
929 2238 1048 2280 οὕτως
1071 2239 1172 2274 inser
1196 2238 1251 2275 Re
1331 2242 1353 2275 8
1381 2238 1470 2285 ὄψει
1494 2239 1551 2275 Va
1575 2239 1641 2276 sed

283 2301 318 2323 ει
343 2286 458 2333 suppl
476 2287 533 2322 m⁶
571 2289 578 2332 Ι
622 2287 805 2331 προσθεὶς
831 2287 867 2323 V
885 2286 952 2322 sed
977 2297 999 2322 σ
1023 2297 1117 2330 eras,
1147 2286 1357 2323 VaVoSW
1424 2291 1445 2322 9
1469 2286 1642 2341 τριούτου

285 2335 466 2381 βασιλέως
490 2334 556 2370 sed
581 2338 687 2380 ου(2)
713 2335 752 2371 et
777 2334 846 2375 ἕως
869 2334 909 2370 in
928 2344 989 2369 ras
1014 2333 1072 2370 m²
1140 2336 1145 2379 Ι
1209 2335 1401 2371 διακονεῖν
1427 2345 1488 2370 om
1518 2334 1571 2372 W

286 2385 330 2417 12
357 2381 628 2429 Κωνσταντίνῳ
660 2382 689 2418 S
728 2382 936 2418 κώνσταντι
955 2382 1032 2418 Ath
1067 2380 1248 2428 ὑπερεχίω
1278 2382 1320 2418 D
1349 2381 1413 2417 fol.
1436 2385 1479 2417 12
1531 2385 1575 2417 13
1601 2379 1639 2417 δ’

285 2430 326 2465 D
349 2429 411 2465 fol.
435 2433 477 2464 12
548 2434 591 2465 14
616 2428 862 2474 προδίδονται
889 2430 929 2466 D
953 2428 1015 2465 fol.
1036 2432 1083 2465 45
1157 2432 1202 2464 15
1226 2428 1321 2474 πρὸς
1345 2430 1385 2465 D
1409 2429 1474 2465 fol.
1489 2432 1535 2464 4⁶
1556 2430 1562 2474 Ι
1583 2441 1642 2475 γε·

285 2475 505 2522 γραμμένων
532 2478 570 2513 Β
595 2477 657 2514 fol.
679 2481 722 2512 12
808 2480 851 2512 16
880 2477 928 2523 μὴ
960 2477 1026 2512 καὶ
1050 2477 1080 2513 S
1103 2478 1109 2522 Ι
1138 2486 1226 2512 vooe
1255 2482 1330 2513 τῶν
1355 2476 1421 2512 des
1447 2477 1488 2513 D
1510 2475 1573 2513 fol.
1594 2480 1640 2512 45
