1806 2964
253 205 313 246 82
847 198 1035 236 LIBANII

253 318 360 367 ταῖν,
394 317 477 362 τοῖς
512 311 584 365 μὲν
615 311 665 353 ού
694 311 826 352 πάντα
855 310 999 362 εἰπών,
1034 309 1098 350 σοὶ
1123 308 1167 351 δὲ
1199 309 1247 351 οὐ
1283 310 1415 351 πάντα
1447 311 1618 365 κρύψας.

255 383 293 421 2.
318 385 476 434 πρῶτον
502 376 574 430 μὲν
605 372 680 418 οὖν
710 376 801 431 περὶ
831 382 902 417 τοῦ
935 374 1078 430 μέτρου
1109 381 1189 415 τῶν
1218 375 1460 429 γραμμάτων
1489 375 1617 418 ἐκεῖνο

255 444 368 499 λέγω,
393 444 453 485 ὄτι
478 444 528 484 σὺ
553 441 625 496 μὲν
648 448 728 483 τῶν
751 441 858 495 ἐμῶν
883 442 958 495 τὴν
983 441 1208 496 βραχύτητα
1232 441 1519 496 δυσχεραίνεις,
1542 441 1618 496 ἐγὼ

256 509 298 551 δὲ
322 516 402 551 τῶν
418 515 511 550 ·σῶν
535 508 578 549 τὸ
605 515 742 561 μῆκος.
772 507 816 548 τὸ
842 506 918 559 μὲν
944 502 1018 548 οὖν
1049 505 1147 560 ἐμὸν
1176 504 1203 558 ἡ
1235 507 1403 560 Σπάρτη
1434 523 1618 563 παραμυ-

220 589 237 616 5
255 580 406 628 θεῖται,
431 573 498 615 καὶ
529 574 579 614 σὺ
609 574 872 628 προσείρηκας
905 572 1152 625 Λακωνικὴν
1181 571 1256 625 τὴν
1285 572 1518 627 ἐπιστολήν,
1547 579 1620 627 τῆς

256 640 298 682 δὲ
324 647 397 693 σῆς
423 640 620 694 φλυαρίας
645 637 728 679 εἰπὲ
752 638 846 686 τοὺς
870 635 1086 691 ἡγεμόνας·
1111 633 1196 678 ἀλλ’
1219 637 1295 679 οὐκ
1319 636 1370 679 ἂν
1394 638 1497 692 ἔχοις
1513 638 1619 692 πλὴν

256 707 293 747 εἰ
313 706 397 747 ’τὸν
429 705 762 759 ἀκριτόμυθον
791 703 862 744 τὸν
892 702 958 744 ἐπὶ
996 709 1068 756 τῆς
1098 702 1307 756 ἐκκλησίας
1342 710 1422 745 τῶν
1452 700 1619 758 Ἀχαιῶν

255 772 438 812 κλάοντα.
483 772 522 825 3.
555 770 629 823 τὴν
663 767 707 810 δὲ
731 768 866 822 ’ἀρχήν
900 781 965 810 σοι
1000 769 1135 823 λήγειν
1171 768 1239 810 καὶ
1272 769 1381 810 πάνυ
1413 770 1620 824 πείθομαι.

257 837 386 892 φαίνῃ
411 835 485 891 γὰρ
510 835 590 876 ὑπὸ
616 833 688 888 μὲν
718 841 790 876 τοῦ
820 837 1039 875 λυπεῖσθαι
1069 835 1330 889 παραπαίειν,
1363 834 1443 878 ὑπὸ
1474 834 1518 877 δὲ
1547 842 1618 877 τοῦ

205 917 239 943 ιο
257 905 535 956 παραφρονεῖν
565 906 727 942 τοιαῦτα
757 900 945 954 γράφειν.
970 898 1044 949 ἕως
1075 898 1118 941 δὲ
1149 900 1199 941 οὐ
1229 900 1526 955 προσεδόκησας
1549 908 1620 956 τῆς

257 967 380 1021 ἀρχῆς
399 967 442 1008 τὸ
461 966 582 1018 τέλος,
601 965 854 1020 ἐσωφρόνεις.
879 964 992 1006 ταυτὶ
1011 964 1053 1007 δὲ
1072 965 1241 1021 ἔγραφες
1253 964 1377 1016 ὅντως
1390 965 1617 1022 ἀγρυπνῶν.

257 1032 307 1074 ού
332 1032 406 1087 γὰρ
432 1026 484 1085 ἦν
509 1031 728 1073 καθεύδειν
752 1029 851 1087 ὑπὲρ
877 1037 946 1084 τῆς
971 1030 1155 1081 ἐξουσίας
1172 1031 1373 1086 τρέμοντα.
1400 1035 1439 1074 4.
1455 1029 1620 1074 Ἰουλια-

258 1099 329 1148 νὸς
361 1097 403 1139 δὲ
434 1104 513 1139 τῶν
545 1095 617 1150 μὲν
646 1097 815 1151 πρώτων
845 1093 942 1152 παρ’
976 1094 1074 1149 ἡμῖν
1107 1096 1182 1138 οὐκ
1213 1093 1284 1151 ἦν,
1322 1096 1471 1152 ἐγένετο
1503 1095 1540 1139 δ’
1568 1097 1620 1139 ἂν

259 1171 337 1204 τῶν
361 1163 541 1219 πρώτων,
566 1163 603 1203 εἰ
626 1162 679 1215 μὴ
706 1162 750 1204 τὸ
776 1161 849 1215 μὲν
873 1169 1032 1217 πρῶτον
1062 1161 1106 1203 ἕν
1137 1161 1356 1220 ὀρχουμένη
1387 1163 1499 1206 πόλει
1531 1164 1619 1217 διή-
1644 1215 1646 1217 ¹

208 1243 240 1270 ιε
262 1244 402 1284 γαγεν,
427 1229 558 1271 ἔπειτα
586 1224 680 1283 παρ’
709 1226 825 1282 ἡμῶν
849 1226 903 1277 ὥς
927 1229 1085 1282 τάχιστα
1109 1227 1384 1282 ἀπεπήδησεν,
1408 1229 1544 1282 ἐπειδὴ
1569 1229 1619 1271 ού

259 1295 381 1344 κακός
405 1310 448 1349 γε
473 1294 662 1345 ἐπεφύκει
686 1294 786 1348 πρὸς
806 1294 965 1349 λόγους,
987 1294 1082 1343 ἴσως
1101 1293 1143 1335 δὲ
1162 1294 1230 1336 καὶ
1247 1294 1381 1336 αὐτῶν
1399 1290 1457 1336 ὧν
1474 1293 1620 1348 ἀφῖκτο

259 1359 393 1414 φέρων
429 1360 598 1414 ἀπέβαλε
630 1359 723 1409 τοὺς
756 1360 931 1413 πλείους,
965 1358 1016 1409 ὥς
1052 1359 1278 1414 συνεγένετό
1317 1372 1390 1401 σοι.
1433 1359 1619 1402 ἐσθλῶν

260 1424 346 1478 μὲν
381 1425 468 1481 γὰρ
503 1422 580 1466 ἀπ’
616 1425 786 1478 ἐσθλά,
820 1425 863 1466 τὸ
899 1424 942 1466 δὲ
980 1425 1168 1479 ἐχόμενον
1201 1425 1350 1479 ἀφίημι
1384 1426 1461 1479 σὴν
1493 1427 1618 1482 χάριν.

261 1494 300 1533 5.
325 1492 440 1533 δοκεῖ
456 1490 500 1533 δέ
525 1507 592 1544 μοι
616 1490 782 1547 κάκείνῃ
813 1493 1124 1545 παροξυνθῆναι
1146 1490 1335 1546 γενέσθαι
1366 1483 1617 1546 στρατίώτπς·

332 1623 354 1653 3
379 1617 425 1653 cf.
446 1629 504 1663 ep.
525 1621 593 1653 399
644 1620 664 1652 7
690 1617 733 1653 Il.
754 1618 778 1665 β
804 1621 872 1654 246
895 1619 901 1663 1
922 1617 965 1653 11.
985 1618 1009 1665 β
1034 1621 1103 1654 266
1153 1621 1175 1654 8
1202 1617 1321 1654 Seeck
1345 1621 1392 1654 66
1454 1622 1499 1655 14
1524 1618 1620 1655 Con·

261 1665 506 1711 stantinopoli
532 1664 579 1701 cf.
609 1665 753 1701 Sievers
779 1669 860 1709 2³8,
877 1669 922 1703 13
998 1669 1039 1701 17
1066 1664 1234 1713 Theogn.
1262 1669 1371 1712 Sbsq'.
1404 1665 1502 1703 Pht.
1520 1666 1618 1704 Men.

260 1724 296 1758 p.
318 1716 362 1749 95
372 1713 414 1749 D.
441 1712 487 1748 cf,
509 1723 566 1758 ep.
589 1716 692 1749 1284.
711 1716 736 1749 t.
753 1713 805 1750 IV
823 1718 916 1759 88,2

332 1836 354 1868 3
379 1832 448 1877 τὴν
473 1843 534 1868 om
567 1833 619 1869 Vo
643 1831 753 1868 Wolf
792 1833 800 1879 1
844 1833 1058 1881 βραχύτητα
1084 1833 1152 1871 VS
1164 1833 1209 1869 Vi
1223 1833 1369 1871 VindD
1398 1845 1445 1880 pr
1480 1835 1619 1882 βραδυ·

259 1884 354 1925 τῆτα
381 1880 431 1916 Vo
456 1880 522 1916 sed
570 1880 688 1926 ύτητα
712 1891 886 1926 suprascr
909 1880 966 1916 m*
990 1881 1037 1917 cf.
1058 1891 1118 1927 ep.
1138 1884 1208 1917 899
1294 1885 1316 1916 δ
1340 1880 1569 1928 προείρηκας
1591 1881 1623 1919 S

261 1927 326 1962 sed
353 1940 396 1973 γρ
422 1940 535 1972 προσε
553 1941 671 1974 ρηκας
695 1939 886 1974 mprucr.
918 1929 960 1965 D
1032 1932 1054 1964 6
1080 1928 1201 1966 εἰπεῖν
1226 1927 1249 1974 ἢ
1281 1929 1312 1966 S
1343 1929 1410 1966 sed
1443 1943 1489 1977 γρ
1522 1929 1620 1976 πλὴν

261 1974 293 2011 εἰ
318 1975 357 2010 iu
382 1985 501 2035 marg,
527 1976 568 2012 D
616 1979 638 2010 8
657 1975 837 2012 κλαίοντα
863 1976 899 2012 V
913 1976 988 2012 edd
1009 1979 1015 2023 Ι
1036 1975 1162 2022 λήσειν
1179 1988 1225 2023 pr
1284 1979 1328 2012 10
1347 1982 1465 2013 ταῦτα
1487 1976 1616 2026 ΨΟΙῙῙ

260 2026 582 2116 ζῖοῖξδόῑξιῖζῖςῧ
630 2074 668 2106 11
699 2069 818 2114 οὕτως
841 2072 888 2108 Vi
946 2075 990 2107 12
1009 2071 1076 2108 τὸν
1095 2073 1184 2108 ante
1221 2071 1315 2117 ὑπὲρ
1330 2073 1433 2127 γίκά
1453 2074 1459 2117 Ι
1481 2070 1555 2110 ὑπὸ
1575 2073 1621 2109 Vi

324 2122 367 2153 14
386 2118 499 2163 τομὲν
526 2120 560 2156 V
630 2123 673 2154 15
693 2118 935 2166 ἀπεδήμησεν
959 2119 1001 2155 D
1021 2120 1028 2166 Ι
1049 2119 1180 2166 ἐπειδὴ
1206 2120 1341 2166 scripu
1367 2131 1388 2156 e
1414 2121 1462 2158 Vs·
1475 2120 1620 2158 VindD

261 2165 392 2211 ἐπειδή
418 2180 458 2212 γε
485 2166 551 2203 VS
573 2167 638 2203 sed
664 2167 704 2202 in
724 2168 795 2203 hoo
813 2180 859 2214 γρ
880 2166 1010 2213 ἐπειδὴ
1034 2167 1081 2203 ού
1105 2165 1222 2210 κακός
1253 2182 1294 2214 γε
1319 2179 1495 2215 suprascr
1538 2167 1620 2205 ἐπεὶ

262 2212 304 2248 δὲ
331 2213 382 2249 Vo
395 2215 462 2249 aed
480 2213 523 2249 δὲ
550 2214 612 2250 del
630 2214 698 2255 ιη’,
723 2215 799 2250 edd
874 2219 917 2250 16
943 2226 986 2260 γε
1011 2215 1126 2252 omD
1175 2214 1263 2258 ἴσως
1284 2216 1383 2253 Vinci
1407 2216 1473 2253 ned
1499 2230 1519 2258 ς
1542 2216 1619 2252 add

261 2259 318 2295 m’
385 2264 429 2296 17
455 2261 639 2309 ἀπέβαλλε
665 2263 700 2299 V
725 2265 732 2308 Ι
759 2262 825 2310 ὡς]
849 2263 914 2298 καὶ
939 2262 969 2299 S
1041 2267 1085 2299 18
1110 2277 1132 2310 y
1161 2277 1182 2309 ρ
1207 2274 1269 2300 om
1296 2264 1343 2301 Vs·
1426 2267 1469 2300 19
1493 2262 1620 2301 uunal-

262 2321 390 2386 3338

336 2454 379 2486 17
410 2451 614 2497 Θεόγνιδος
638 2464 812 2498 suprascr
834 2453 866 2490 S
