1806 2964
599 237 866 275 Emswnffl
892 240 1084 275 640-048
1434 231 1522 280 589

789 347 889 405 χμβ.
1449 356 1499 393 W
1524 360 1594 394 557

606 432 916 492 Ἰταλικιανῷ.
950 444 1057 488 (361)

218 522 255 562 1.
281 519 369 561 Σὸν
399 519 444 560 τὸ
475 518 635 573 κέρδος,
665 519 707 561 εἴ
734 535 770 560 τι
804 519 932 568 δόξεις
963 514 1008 560 εὖ
1042 522 1173 560 ποιεῖν
1203 517 1273 560 τὸν
1307 514 1420 559 οἷκον
1453 524 1524 571 τῆς

153 585 284 627 πάντα
315 584 403 639 ἐμοὶ
433 585 482 626 τὰ
511 585 697 626 κάλλιστα
726 589 956 640 προσειπεῖν
989 584 1103 636 ἀξίας
1136 587 1375 638 Βασσιανῆς.
1414 583 1522 632 ὅπως

152 652 293 694 τοίνυν
325 651 453 708 χρήσῃ
487 655 541 708 τῷ
578 655 703 708 καιρῷ
734 650 802 692 καὶ
832 650 928 708 γένῃ
965 651 1130 705 βελτίων
1163 650 1221 700 εἰς
1246 646 1462 703 Ῥουφῖνον
1495 647 1522 702 ἢ
1561 665 1577 690 ι

153 717 349 772 βούλεται.
393 720 431 759 2.
458 717 546 770 ἥκει
579 715 623 758 δὲ
653 723 732 772 γῆν
762 716 836 770 τὴν
867 711 996 758 οὖσαν
1027 716 1165 766 αὐτοῖς
1195 715 1259 758 έπὶ
1290 722 1362 770 τῆς
1391 712 1522 775 Ἀσίας

154 780 358 837 ὀψόμενος
390 782 459 824 καὶ
488 783 769 837 καταστήσων,
799 783 842 824 εἴ
864 799 901 824 τι
931 784 1171 838 τετάρακται.
1208 782 1256 823 τὰ
1286 789 1451 824 τοιαῦτα
1479 780 1522 823 δὲ

152 854 226 902 τῆς
248 848 358 904 παρὰ
388 855 469 890 τῶν
500 847 704 903 ἀρχόντων
735 845 853 890 δέοιτ’
875 847 927 890 ἂν
957 848 1137 901 εὐνοίας,
1167 847 1220 902 ἣν
1256 847 1319 890 ἀεὶ
1350 848 1402 890 σὺ
1431 847 1522 903 περὶ

151 915 294 957 τούσδε
325 914 507 967 φυλάξας
531 920 609 956 νῦν
634 910 713 956 οἶδ’
735 914 794 956 ὅτι
818 914 1087 970 λαμπρότερον
1113 915 1262 965 δείξεις.

786 1069 885 1127 κμγ’.
1449 1078 1498 1114 W
1523 1081 1595 1115 558

624 1159 916 1214 Πρισκιανῷ.
949 1167 1057 1210 (361)
1560 1171 1592 1196 ιι

216 1244 253 1281 1.
275 1235 377 1281 Ἀλλ’
407 1240 445 1281 εἰ
467 1240 534 1282 καὶ
569 1247 647 1282 τῶν
680 1248 821 1296 χειρῶν
851 1253 926 1282 σου
956 1241 1026 1283 τὸν
1059 1242 1258 1282 Πλάτωνα
1287 1240 1469 1295 ἐξέβαλεν
1494 1240 1521 1294 ἥ

151 1321 192 1347 τε
216 1305 317 1361 ἀρχὴ
342 1306 410 1348 καὶ
434 1307 482 1348 τὰ
506 1307 761 1362 πανταχόθεν
783 1306 962 1361 ἕλκοντα,
986 1307 1060 1360 τήν
1079 1323 1122 1362 γε
1140 1306 1280 1361 ψυχὴν
1306 1306 1327 1349 ὁ
1349 1307 1520 1348 Πλάτων

150 1371 262 1413 οἰκεῖ
278 1372 354 1426 τὴν
378 1373 476 1426 σήν,
502 1372 602 1414 ὅθεν
626 1371 724 1427 ἡμῖν
750 1374 914 1426 μύθους
944 1373 1012 1414 καὶ
1042 1373 1186 1428 λόγους
1216 1374 1423 1422 τοιούτους
1448 1372 1520 1425 φέ-

148 1452 244 1492 ρεις.
272 1440 311 1478 2.
336 1433 423 1479 ἀλλ’
451 1439 558 1492 ἰδού,
582 1439 703 1480 πάλιν
728 1439 778 1480 σύ
803 1455 843 1481 τε
867 1438 936 1480 καὶ
960 1440 1175 1488 Μίκκαλος
1192 1435 1248 1489 εἷς
1271 1438 1520 1494 γεγένησθον
1541 1447 1576 1473 ¹⁵

155 1510 227 1545 τοῦ
244 1500 469 1556 “Ηφαίστου
495 1501 613 1546 τοῦθ’
641 1504 746 1559 ὑμᾶς
770 1504 1054 1560 ἐργασαμένου.
1088 1504 1156 1546 καὶ
1180 1505 1455 1560 περιστήσεταί
1475 1521 1519 1560 γε

151 1568 257 1623 ὑμᾶς
284 1576 429 1623 ταῦτα,
459 1571 590 1625 ὥσπερ
621 1571 746 1625 εἰκός,
776 1569 848 1612 ἕνα
879 1570 1012 1621 ὄντας·
1046 1572 1213 1625 ἥξουσιν
1244 1571 1287 1612 οἰ
1313 1572 1518 1621 τίλλοντες.

151 1634 251 1676 ἀλλὰ
281 1635 345 1677 σοὶ
375 1634 448 1689 μὲν
480 1631 597 1686 οὗτος
629 1635 650 1678 ὁ
677 1637 826 1692 φόβος,
861 1636 882 1679 ὁ
915 1638 1129 1686 Μίκκαλος
1160 1636 1202 1679 δὲ
1235 1635 1335 1691 ἡμῖν
1366 1636 1443 1679 οὐκ
1473 1637 1518 1679 ἐν

151 1702 361 1758 περιουσία
384 1709 539 1757 τριχῶν.

226 1840 245 1870 l
280 1835 347 1872 VII
375 1834 422 1883 β’,
452 1835 528 1882 μα’.
575 1836 631 1873 Va
661 1833 705 1882 ζ’,
730 1836 801 1883 κη’.
848 1837 900 1873 Vo
926 1837 996 1883 (ζ),
1030 1837 1102 1883 κη’.
1135 1838 1202 1874 Mo
1302 1840 1347 1873 10
1382 1838 1447 1874 Vn
1469 1836 1517 1885 β’,

151 1882 226 1930 μβ.
259 1883 315 1920 Va
339 1882 383 1929 ζ’,
406 1883 485 1920 κθ’.
519 1884 572 1921 Vo
596 1883 667 1932 (ζ),
692 1885 771 1922 aff.
800 1886 869 1922 Mo

217 2006 238 2037 2
259 2002 379 2039 Seeck
395 2006 474 2039 18⁷.
490 2006 560 2039 385
615 2004 699 2041 405.
719 2015 776 2051 ep.
791 2008 872 2041 225.
889 2009 970 2041 544.
997 2004 1116 2041 Seeck
1129 2007 1175 2040 95
1238 2008 1258 2040 5
1285 2004 1332 2041 cf.
1353 2016 1412 2051 ep.
1434 2009 1515 2042 644.

152 2049 270 2086 Seeck
296 2054 365 2087 255
436 2055 478 2087 11
505 2051 652 2089 Siovers
677 2056 761 2098 283,
780 2057 812 2089 2.
840 2052 959 2089 Seeck
983 2056 1066 2089 244.
1092 2056 1173 2089 885.
1199 2052 1417 2100 Richtcteig
1444 2058 1511 2090 157

201 2102 246 2135 15
266 2097 313 2135 cf.
334 2109 394 2145 ep.
410 2102 489 2136 752.
516 2099 634 2136 Seeck
661 2103 729 2137 381

219 2221 242 2254 2
267 2218 464 2256 ίταλῑανῶι
489 2220 526 2255 V
587 2224 608 2256 8
633 2225 701 2266 τῆς
731 2221 786 2258 Va
811 2221 878 2257 ned
902 2221 943 2256 in
966 2220 1035 2258 τὸν
1061 2231 1144 2257 corr
1167 2221 1224 2257 m‘
1297 2225 1319 2258 4
1345 2221 1515 2258 Βασσια-

151 2270 220 2311 νῆς
249 2265 385 2313 scrip-i
415 2277 437 2303 e
460 2267 516 2304 Va
558 2269 742 2316 βασιανῆς
761 2269 930 2306 VVoMo
962 2268 1070 2305 Wolf
1091 2269 1137 2317 ct.
1164 2280 1222 2316 ep.
1242 2272 1323 2305 225.
1345 2273 1427 2306 230.
1445 2274 1515 2306 544

151 2315 191 2350 et
214 2314 263 2350 ad
290 2325 347 2361 ep.
367 2318 438 2351 525
487 2318 510 2352 8
534 2315 640 2361 παρὰ
663 2322 739 2353 τῶν
771 2317 906 2363 scripsi
938 2329 958 2352 ο
986 2317 1080 2353 VVa
1092 2318 1160 2354 Mo
1203 2315 1297 2362 παρ’
1327 2318 1380 2354 Vo
1414 2317 1521 2354 Wolf

200 2365 220 2396 9
246 2360 363 2407 δείξει
396 2373 436 2399 σε
461 2364 531 2401 Mo
599 2367 644 2400 16
670 2365 768 2410 ὑμᾶς
791 2364 865 2401 sori
894 2365 926 2400 si
952 2375 973 2400 e
999 2365 1056 2401 Va
1098 2365 1196 2411 ἡμᾶς
1222 2365 1391 2403 VVon
1409 2365 1520 2402 Wolf

201 2412 245 2445 17
271 2408 425 2456 ἥξουσιν
450 2413 489 2447 et
511 2410 697 2454 τίλλοντες
722 2413 779 2448 Va
811 2424 851 2449 εο
903 2412 943 2448 in
974 2412 1152 2457 τήξουσιν
1171 2415 1210 2449 ot
1233 2414 1413 2458 τήκοντες
1432 2425 1517 2450 corr

150 2457 208 2540 ”V-
235 2455 458 2542 vv38lfm‘nroc]
484 2459 530 2496 οὐ
554 2465 732 2502 τοσοῦτος
758 2462 826 2498 Mo
859 2462 866 2507 Ι
900 2459 979 2508 ὀ(1)
1004 2460 1147 2497 inserui
1172 2471 1193 2497 ο
1222 2461 1290 2499 Mo
1333 2472 1395 2498 om
1420 2462 1517 2499 VVa

190 2515 211 2541 ο
287 2517 308 2542 o
