1806 2964
237 220 326 264 286
833 220 1019 257 LIBANII

240 333 317 387 γὰρ
343 332 460 382 εἰδὼς
484 332 527 374 τό
553 347 592 373 τε
622 331 799 386 ἀδίκημα
835 331 902 373 καὶ
932 336 1014 381 τοῖς
1047 330 1216 380 οἰκέταις
1247 331 1466 386 περιτυχὼν
1497 332 1610 386 ἥσθη

242 413 281 439 τε
309 397 376 439 καὶ
401 397 594 452 ἀνεβόησε
618 397 685 438 καὶ
716 397 936 451 λαβόμενος
966 394 1092 438 εἷλκεν
1111 395 1167 447 ὥς
1190 393 1452 451 Ἕκηβόλιον,
1473 394 1609 451 Ἀσχό-

242 467 326 512 λιος
351 464 477 519 τούτῳ
502 463 646 516 πατήρ,
671 464 844 516 νομίζων
870 463 997 511 οὕτως
1022 461 1073 504 ἓν
1097 461 1197 515 ἡμῖν
1215 465 1346 511 καλῶς
1368 466 1610 516 πεμφθῆναι

242 529 338 578 τοὺς
364 527 571 582 δραπέτας.
604 531 642 570 3.
668 528 771 570 ἔοικε
797 527 839 569 δὲ
865 529 914 570 οὐ
937 531 1068 578 καλῶς
1096 528 1119 569 ὅ
1141 543 1186 583 γε
1211 526 1372 576 Εὔοδος
1396 529 1608 582 βεβουλεῦ-

206 609 224 636 5
243 599 354 635 σθαι.
379 594 521 649 χρόνος
547 609 586 635 τε
610 594 685 649 γὰρ
717 594 873 635 ἔκεῖθεν
903 594 1028 643 πολὺς
1057 593 1124 635 καὶ
1157 593 1197 634 τὸ
1230 594 1398 648 θήραμα
1429 593 1611 647 οὐδαμοῦ

244 660 389 701 πολλαί
420 675 460 700 τε
491 659 666 712 ὑποψίαι
698 658 797 700 κατὰ
827 665 899 700 τοῦ
935 660 1175 714 πράγματος.
1224 662 1263 700 4.
1295 654 1380 699 ἀλλ’
1412 659 1453 699 εἴ
1477 674 1514 699 τι
1543 658 1610 699 καὶ

245 725 432 780 δεύτερον
456 725 790 780 κεκακούργηται,
815 724 865 765 σὺ
889 731 1006 766 τοῦτο
1030 725 1210 778 ποιήσεις
1235 725 1404 777 μάταιον
1435 724 1509 765 οὐκ
1533 722 1611 765 ἐῶν

246 790 336 831 ἀντὶ
363 797 435 832 τοῦ
461 790 654 832 δεσπότου
678 790 772 839 τοὺς
797 789 1068 844 βουλομένους
1099 787 1203 832 εἶναι
1233 796 1313 831 τῶν
1345 788 1613 844 ἀνδραπόδων

245 858 424 911 κυρίους.
448 853 564 909 ἡμῶν
589 871 628 897 τε
653 855 728 911 γὰρ
753 855 828 897 οὐκ
853 854 904 896 ἂν
934 854 1149 908 ἀμελήσαις
1180 859 1263 905 τοῖς
1293 870 1333 896 τε
1362 854 1498 908 νόμοις
1522 854 1612 896 ἔθε-

194 937 229 964 ιο
249 922 382 975 λήσεις
407 920 633 963 ἀποδοῦναι
657 921 732 974 τὴν
757 921 881 975 ἰσχύν.

176 1072 226 1108 W
252 1076 323 1109 810
898 1060 963 1114 ιζ’.

738 1148 965 1204 Σιδηρίῳ.
998 1152 1086 1195 (361
1098 1151 1134 1194 ἓ)

316 1237 352 1273 1.
382 1229 759 1286 Οὔθ”Ηρωδιανὸν
783 1230 860 1286 ἐγὼ
886 1232 1088 1284 δυναίμην
1117 1230 1169 1272 ἂν
1199 1231 1391 1284 περιιδεῖν
1415 1230 1622 1282 λυπούμε·-

253 1313 327 1338 νον
353 1293 450 1339 οὔθ’
473 1295 717 1352 Ἡλιόδωρον
735 1297 886 1346 ἐκεῖνος
905 1296 1192 1350 ἀπολλύμενον.
1223 1295 1292 1350 ἐμέ
1309 1311 1348 1337 τε
1366 1295 1441 1350 γὰρ
1460 1294 1615 1350 ἀνάγκη

200 1378 234 1406 15
253 1364 426 1417 βοηθεῖν
451 1368 504 1420 τῷ
524 1367 704 1420 κοινωνῷ
724 1370 804 1404 τῶν
835 1363 972 1404 πόνων
1001 1362 1154 1404 ἐκεῖνόν
1185 1377 1224 1403 τε
1254 1366 1309 1419 τῷ
1339 1365 1490 1416 τροφεῖ.
1527 1376 1616 1416 τρο-

254 1428 366 1481 φέων
392 1427 434 1470 δὲ
460 1429 566 1479 ὅστις
591 1428 737 1483 ἀμελεῖ,
761 1427 839 1470 κᾶν
863 1427 952 1483 περὶ
976 1427 1118 1484 γονέας
1142 1427 1296 1482 γένοιτο
1321 1426 1454 1476 κακός.
1483 1430 1520 1468 2.
1542 1427 1617 1468 δύο

255 1496 395 1536 τοίνυν
426 1495 635 1549 αἰτοῦμεν,
671 1496 791 1536 λῦσαί
818 1510 858 1535 τε
900 1494 975 1547 τὴν
1012 1494 1156 1547 ζημίαν
1187 1492 1240 1546 ἣν
1270 1491 1534 1546 ἔπιβέβληκας
1564 1490 1619 1541 ὣς

255 1560 515 1613 ἀπειθοῦντι,
544 1562 736 1614 πεποίηκε
766 1560 842 1615 γὰρ
873 1560 987 1614 ὕβρει
1022 1558 1094 1612 μὲν
1125 1557 1264 1612 οὐδέν,
1294 1559 1411 1615 πενίᾳ
1443 1555 1486 1599 δὲ
1512 1558 1620 1611 ἴσως,

257 1626 323 1667 καὶ
348 1626 422 1679 τὴν
447 1625 580 1680 φορὰν
605 1625 711 1682 αὐτῷ
738 1625 793 1679 μὴ
824 1626 944 1666 πλείω
974 1631 1139 1678 ποιῆσαι
1162 1631 1234 1678 τῆς
1263 1622 1443 1679 ἀρχαίας,
1467 1618 1541 1675 ὑφ’
1569 1618 1620 1673 ἧς

203 1707 238 1733 20
257 1691 324 1732 καὶ
356 1692 479 1744 αὐτῆς
509 1692 722 1732 πεπίεσται.
771 1690 792 1731 ὃ
827 1689 870 1732 δὲ
904 1690 1016 1744 μόλις
1049 1689 1076 1731 ἃ
1112 1696 1190 1731 νῦν
1225 1688 1336 1744 φέρει
1370 1688 1506 1743 φέρων
1538 1687 1620 1729 ὑπὸ

258 1765 401 1810 μικρᾶς
425 1756 476 1797 ἂν
502 1758 743 1810 βαπτισθείη
767 1757 1016 1811 προσθήκης.

333 1889 375 1920 11
411 1885 478 1920 V11
500 1884 549 1928 α’,
576 1883 678 1921 σπθ’.
714 1885 769 1920 Va
793 1883 840 1931 γ’,
866 1883 929 1930 ρε’.
964 1884 1016 1920 Vo
1041 1882 1087 1929 γ’,
1113 1882 1165 1928 ρε’

334 2008 355 2038 ⁶..)
382 2003 428 2039 cf.
450 2014 508 2050 ep.
530 2007 599 2039 615
675 2007 719 2039 12
746 2002 864 2039 Seeck
880 2006 960 2039 278.
981 2005 1062 2039 378.
1099 2001 1268 2038 Silomon
1293 2005 1337 2036 47
1415 2003 1459 2036 18
1479 1999 1624 2036 Sievers

262 2055 344 2094 235,
359 2055 380 2086 3
432 2055 476 2087 14
496 2050 615 2087 Seeck
636 2055 704 2088 166
723 2050 773 2086 IV

339 2175 355 2206 1
383 2172 472 2212 τοὺς
496 2169 643 2213 οἰκέτας
668 2170 786 2207 VaVo
812 2169 879 2206 sed
898 2170 938 2206 in
958 2168 1088 2205 hocin
1107 2174 1186 2210 τοῖς
1210 2167 1374 2208 οἰκέταις
1398 2178 1482 2203 corr
1505 2165 1572 2208 ω’,
1587 2165 1625 2202 A

312 2223 333 2254 2
359 2217 609 2266 ὦσεκηβόλιον
633 2219 668 2254 A
731 2222 754 2253 4
780 2217 903 2256 ἔοικεν
927 2218 985 2254 Va
1023 2219 1030 2263 Ι
1070 2215 1089 2253 ὅ
1115 2227 1176 2253 om
1200 2216 1238 2253 A
1276 2217 1283 2261 Ι
1319 2214 1468 2256 Εὔοδος
1491 2213 1626 2259 scrip-i

264 2277 284 2302 e
313 2267 369 2302 Va
400 2265 578 2313 εὔβουλος
604 2266 695 2303 VVo
719 2265 827 2302 Wolf
859 2266 997 2307 έῦαδος
1019 2266 1057 2302 A
1131 2268 1152 2300 6
1178 2269 1343 2300 κατατοῦ
1366 2263 1403 2299 A
1437 2265 1444 2309 Ι
1473 2261 1574 2298 &uu
1591 2264 1627 2297 A

326 2317 346 2349 9
372 2327 412 2350 τι
437 2312 584 2362 νόμοις]
602 2312 820 2360 γενομένοις
843 2314 881 2350 A
909 2313 915 2359 Ι
937 2311 1132 2358 ἐθελήσοις
1157 2312 1210 2348 Vo
1228 2311 1295 2347 sed
1315 2323 1372 2353 οις
1388 2310 1430 2346 in
1447 2322 1527 2350 ειας
1545 2319 1628 2345 corr

264 2361 322 2398 m⁴
373 2365 415 2397 1⁷
442 2362 551 2398 λύσαι
578 2362 634 2399 Va
684 2365 729 2398 19
749 2362 875 2398 αὐτῶν
903 2361 938 2398 V
987 2363 1034 2396 20
1058 2361 1174 2406 αὐτῆς
1198 2358 1334 2405 scripsi
1357 2359 1402 2395 ut
1426 2357 1511 2394 coni
1524 2354 1630 2393 Wolf

264 2409 379 2451 αὐτὸς
402 2409 492 2445 libri
517 2408 627 2446 Wolf
