<?xml version="1.0" encoding="UTF-8"?>
<!DOCTYPE html PUBLIC "-//W3C//DTD XHTML 1.0 Transitional//EN"
    "http://www.w3.org/TR/xhtml1/DTD/xhtml1-transitional.dtd">
<html xmlns="http://www.w3.org/1999/xhtml" xml:lang="en" lang="en">
 <head>
  <title>
</title>
<meta http-equiv="Content-Type" content="text/html;charset=utf-8" />
  <meta name='ocr-system' content='tesseract 3.04.00' />
  <meta name='ocr-capabilities' content='ocr_page ocr_carea ocr_par ocr_line ocrx_word'/>
</head>
<body>
  <div class='ocr_page' id='page_1' title='image "./operarecensuitri10libauoft_0043.png"; bbox 0 0 1806 2964; ppageno 0'>
   <div class='ocr_carea' id='block_1_1' title="bbox 673 199 1601 246">
    <p class='ocr_par' dir='ltr' id='par_1_1' title="bbox 673 199 1601 246">
     <span class='ocr_line' id='line_1_1' title="bbox 673 199 1601 246; baseline 0.002 -11"><span class='ocrx_word' id='word_1_1' title='bbox 673 199 947 237; x_wconf 76' lang='lat' dir='ltr'>EPISTULAE</span> <span class='ocrx_word' id='word_1_2' title='bbox 974 204 1119 237; x_wconf 80' lang='lat'><strong>88-35</strong></span> <span class='ocrx_word' id='word_1_3' title='bbox 1238 204 1241 206; x_wconf 82' lang='lat'>&#39;</span> <span class='ocrx_word' id='word_1_4' title='bbox 1544 200 1601 246; x_wconf 82' lang='lat'><strong><em>31</em></strong></span> 
     </span>
    </p>
   </div>
   <div class='ocr_carea' id='block_1_2' title="bbox 206 310 1658 1109">
    <p class='ocr_par' dir='ltr' id='par_1_2' title="bbox 206 310 1658 1109">
     <span class='ocr_line' id='line_1_2' title="bbox 206 310 1602 371; baseline 0.001 -15"><span class='ocrx_word' id='word_1_5' title='bbox 206 310 320 369; x_wconf 79' lang='grc' dir='ltr'><strong><em>οἶμαι</em></strong></span> <span class='ocrx_word' id='word_1_6' title='bbox 354 314 430 371; x_wconf 82' lang='grc' dir='ltr'><strong><em>γὰρ</em></strong></span> <span class='ocrx_word' id='word_1_7' title='bbox 465 313 548 368; x_wconf 81' lang='grc' dir='ltr'><strong><em>ἤδη</em></strong></span> <span class='ocrx_word' id='word_1_8' title='bbox 582 331 619 356; x_wconf 90' lang='grc' dir='ltr'><strong><em>τι</em></strong></span> <span class='ocrx_word' id='word_1_9' title='bbox 654 321 804 367; x_wconf 82' lang='grc' dir='ltr'><strong><em>φοιτᾶν</em></strong></span> <span class='ocrx_word' id='word_1_10' title='bbox 838 312 938 368; x_wconf 78' lang='grc' dir='ltr'><strong><em>ἡμῖν</em></strong></span> <span class='ocrx_word' id='word_1_11' title='bbox 973 313 1153 368; x_wconf 70' lang='grc' dir='ltr'><strong><em>ἐκεῖθεν,</em></strong></span> <span class='ocrx_word' id='word_1_12' title='bbox 1187 315 1396 370; x_wconf 78' lang='grc' dir='ltr'><strong><em>ἐλπίζομεν</em></strong></span> <span class='ocrx_word' id='word_1_13' title='bbox 1430 315 1472 358; x_wconf 84' lang='grc' dir='ltr'><strong><em>δὲ</em></strong></span> <span class='ocrx_word' id='word_1_14' title='bbox 1504 317 1602 359; x_wconf 81' lang='grc' dir='ltr'><strong><em>αὐτὸ</em></strong></span> 
     </span>
     <span class='ocr_line' id='line_1_3' title="bbox 206 381 1603 440; baseline 0.001 -16"><span class='ocrx_word' id='word_1_15' title='bbox 206 382 413 435; x_wconf 74' lang='grc' dir='ltr'><strong><em>θήσεσθαι</em></strong></span> <span class='ocrx_word' id='word_1_16' title='bbox 439 381 509 424; x_wconf 81' lang='grc' dir='ltr'><strong><em>διὰ</em></strong></span> <span class='ocrx_word' id='word_1_17' title='bbox 533 388 614 423; x_wconf 81' lang='grc' dir='ltr'><strong><em>τῶν</em></strong></span> <span class='ocrx_word' id='word_1_18' title='bbox 639 381 848 437; x_wconf 77' lang='grc' dir='ltr'><strong><em>ἀρχόντων</em></strong></span> <span class='ocrx_word' id='word_1_19' title='bbox 874 385 1018 432; x_wconf 79' lang='grc' dir='ltr'><strong><em>καλῶς.</em></strong></span> <span class='ocrx_word' id='word_1_20' title='bbox 1058 384 1096 423; x_wconf 86' lang='grc'><strong><em>3.</em></strong></span> <span class='ocrx_word' id='word_1_21' title='bbox 1125 381 1329 440; x_wconf 79' lang='grc' dir='ltr'><strong><em>Μοδέστφ</em></strong></span> <span class='ocrx_word' id='word_1_22' title='bbox 1350 382 1395 425; x_wconf 84' lang='grc' dir='ltr'><strong><em>δὲ</em></strong></span> <span class='ocrx_word' id='word_1_23' title='bbox 1421 382 1603 437; x_wconf 87' lang='grc' dir='ltr'><strong><em>μέλλοντι</em></strong></span> 
     </span>
     <span class='ocr_line' id='line_1_4' title="bbox 206 448 1602 506; baseline 0 -14"><span class='ocrx_word' id='word_1_24' title='bbox 206 449 353 500; x_wconf 78' lang='grc' dir='ltr'><strong><em>νυκτὸς</em></strong></span> <span class='ocrx_word' id='word_1_25' title='bbox 383 448 449 490; x_wconf 76' lang='grc' dir='ltr'><strong><em>ἐπὶ</em></strong></span> <span class='ocrx_word' id='word_1_26' title='bbox 480 449 666 499; x_wconf 76' lang='grc' dir='ltr'><strong><em>Κιλικίας</em></strong></span> <span class='ocrx_word' id='word_1_27' title='bbox 698 450 944 504; x_wconf 84' lang='grc' dir='ltr'><strong><em>δραμεῖσθαι</em></strong></span> <span class='ocrx_word' id='word_1_28' title='bbox 975 450 1137 504; x_wconf 83' lang='grc' dir='ltr'><strong><em>βιβλίον</em></strong></span> <span class='ocrx_word' id='word_1_29' title='bbox 1170 449 1340 506; x_wconf 77' lang='grc' dir='ltr'><strong><em>ἑσπέρας</em></strong></span> <span class='ocrx_word' id='word_1_30' title='bbox 1376 450 1522 505; x_wconf 82' lang='grc' dir='ltr'><strong><em>εἰσάγω</em></strong></span> <span class='ocrx_word' id='word_1_31' title='bbox 1556 451 1602 492; x_wconf 87' lang='grc' dir='ltr'><strong><em>τὰ</em></strong></span> 
     </span>
     <span class='ocr_line' id='line_1_5' title="bbox 207 513 1601 572; baseline 0.001 -13"><span class='ocrx_word' id='word_1_32' title='bbox 207 517 318 571; x_wconf 82' lang='grc' dir='ltr'><strong><em>δῶρα</em></strong></span> <span class='ocrx_word' id='word_1_33' title='bbox 343 515 562 572; x_wconf 80' lang='grc' dir='ltr'><strong><em>ἐγγράψας,</em></strong></span> <span class='ocrx_word' id='word_1_34' title='bbox 581 513 798 570; x_wconf 78' lang='grc' dir='ltr'><strong><em>Ὀλύμπιος</em></strong></span> <span class='ocrx_word' id='word_1_35' title='bbox 819 515 863 559; x_wconf 83' lang='grc' dir='ltr'><strong><em>δὲ</em></strong></span> <span class='ocrx_word' id='word_1_36' title='bbox 884 517 961 558; x_wconf 83' lang='grc' dir='ltr'><strong><em>οὐκ</em></strong></span> <span class='ocrx_word' id='word_1_37' title='bbox 980 516 1103 571; x_wconf 84' lang='grc' dir='ltr'><strong><em>ἀπῆν.</em></strong></span> <span class='ocrx_word' id='word_1_38' title='bbox 1131 516 1154 559; x_wconf 79' lang='grc' dir='ltr'><em>ὅ</em></span> <span class='ocrx_word' id='word_1_39' title='bbox 1181 516 1225 559; x_wconf 82' lang='grc' dir='ltr'><strong><em>δὲ</em></strong></span> <span class='ocrx_word' id='word_1_40' title='bbox 1244 522 1329 567; x_wconf 86' lang='grc' dir='ltr'><strong><em>τοῖς</em></strong></span> <span class='ocrx_word' id='word_1_41' title='bbox 1346 516 1483 568; x_wconf 72' lang='grc' dir='ltr'><strong><em>ἄλλοις</em></strong></span> <span class='ocrx_word' id='word_1_42' title='bbox 1509 519 1601 572; x_wconf 76' lang='grc' dir='ltr'><strong><em>ἥδε-</em></strong></span> 
     </span>
     <span class='ocr_line' id='line_1_6' title="bbox 207 581 1657 639; baseline 0.001 -14"><span class='ocrx_word' id='word_1_43' title='bbox 207 588 310 625; x_wconf 88' lang='grc' dir='ltr'><strong><em>σθαι</em></strong></span> <span class='ocrx_word' id='word_1_44' title='bbox 334 583 472 637; x_wconf 83' lang='grc' dir='ltr'><strong><em>φήσας</em></strong></span> <span class='ocrx_word' id='word_1_45' title='bbox 498 581 553 632; x_wconf 79' lang='grc' dir='ltr'><strong><em>ὡς</em></strong></span> <span class='ocrx_word' id='word_1_46' title='bbox 579 583 657 626; x_wconf 74' lang='grc' dir='ltr'><strong><em>οὐκ</em></strong></span> <span class='ocrx_word' id='word_1_47' title='bbox 679 584 840 638; x_wconf 77' lang='grc' dir='ltr'><strong><em>ἔχουσιν</em></strong></span> <span class='ocrx_word' id='word_1_48' title='bbox 866 582 989 639; x_wconf 77' lang='grc' dir='ltr'><strong><em>ὄγκον</em></strong></span> <span class='ocrx_word' id='word_1_49' title='bbox 1009 585 1219 626; x_wconf 85' lang='grc' dir='ltr'><strong><em>διεωθεῐτο</em></strong></span> <span class='ocrx_word' id='word_1_50' title='bbox 1245 583 1447 627; x_wconf 81' lang='grc' dir='ltr'><strong><em>τοῦλαιον.</em></strong></span> <span class='ocrx_word' id='word_1_51' title='bbox 1485 584 1602 639; x_wconf 79' lang='grc' dir='ltr'><strong><em>ἡμῶν</em></strong></span> <span class='ocrx_word' id='word_1_52' title='bbox 1641 601 1657 627; x_wconf 70' lang='lat'><strong>⁶</strong></span> 
     </span>
     <span class='ocr_line' id='line_1_7' title="bbox 207 643 1603 710; baseline 0.002 -19"><span class='ocrx_word' id='word_1_53' title='bbox 207 650 252 693; x_wconf 86' lang='grc' dir='ltr'><strong><em>δὲ</em></strong></span> <span class='ocrx_word' id='word_1_54' title='bbox 271 650 348 692; x_wconf 76' lang='grc' dir='ltr'><strong><em>οὐκ</em></strong></span> <span class='ocrx_word' id='word_1_55' title='bbox 366 649 562 691; x_wconf 81' lang='grc' dir='ltr'><strong><em>ἀνιέντων</em></strong></span> <span class='ocrx_word' id='word_1_56' title='bbox 587 650 715 705; x_wconf 81' lang='grc' dir='ltr'><strong><em>ἀνέβη</em></strong></span> <span class='ocrx_word' id='word_1_57' title='bbox 735 649 809 704; x_wconf 81' lang='grc' dir='ltr'><strong><em>μὲν</em></strong></span> <span class='ocrx_word' id='word_1_58' title='bbox 835 649 890 700; x_wconf 81' lang='grc' dir='ltr'><strong><em>ὡς</em></strong></span> <span class='ocrx_word' id='word_1_59' title='bbox 908 649 1077 705; x_wconf 72' lang='grc' dir='ltr'><strong><em>ἄμεινον</em></strong></span> <span class='ocrx_word' id='word_1_60' title='bbox 1097 651 1279 705; x_wconf 82' lang='grc' dir='ltr'><strong><em>ζητήσων</em></strong></span> <span class='ocrx_word' id='word_1_61' title='bbox 1304 643 1332 710; x_wconf 77' lang='grc' dir='ltr'><strong><em>ᾖ</em></strong></span> <span class='ocrx_word' id='word_1_62' title='bbox 1357 652 1432 706; x_wconf 81' lang='grc' dir='ltr'><strong><em>χρὴ</em></strong></span> <span class='ocrx_word' id='word_1_63' title='bbox 1457 657 1603 702; x_wconf 83' lang='grc' dir='ltr'><strong><em>ποιεῖν,</em></strong></span> 
     </span>
     <span class='ocr_line' id='line_1_8' title="bbox 209 715 1602 777; baseline 0.001 -18"><span class='ocrx_word' id='word_1_64' title='bbox 209 715 275 760; x_wconf 86' lang='grc' dir='ltr'><strong><em>οἷα</em></strong></span> <span class='ocrx_word' id='word_1_65' title='bbox 301 716 345 759; x_wconf 83' lang='grc' dir='ltr'><strong><em>δὲ</em></strong></span> <span class='ocrx_word' id='word_1_66' title='bbox 370 718 415 759; x_wconf 79' lang='grc' dir='ltr'><strong><em>ἐν</em></strong></span> <span class='ocrx_word' id='word_1_67' title='bbox 447 719 617 774; x_wconf 80' lang='grc' dir='ltr'><strong><em>θορύβῳ</em></strong></span> <span class='ocrx_word' id='word_1_68' title='bbox 651 719 706 776; x_wconf 80' lang='grc' dir='ltr'><strong><em>τῷ</em></strong></span> <span class='ocrx_word' id='word_1_69' title='bbox 739 717 831 773; x_wconf 77' lang='grc' dir='ltr'><strong><em>περὶ</em></strong></span> <span class='ocrx_word' id='word_1_70' title='bbox 866 718 941 771; x_wconf 82' lang='grc' dir='ltr'><strong><em>τὴν</em></strong></span> <span class='ocrx_word' id='word_1_71' title='bbox 973 718 1136 771; x_wconf 81' lang='grc' dir='ltr'><strong><em>ἔξοδον,</em></strong></span> <span class='ocrx_word' id='word_1_72' title='bbox 1170 717 1366 777; x_wconf 80' lang='grc' dir='ltr'><strong><em>ἀφῃρέθη</em></strong></span> <span class='ocrx_word' id='word_1_73' title='bbox 1402 719 1478 773; x_wconf 77' lang='grc' dir='ltr'><strong><em>τὴν</em></strong></span> <span class='ocrx_word' id='word_1_74' title='bbox 1505 719 1602 773; x_wconf 76' lang='grc' dir='ltr'><strong><em>’περὶ</em></strong></span> 
     </span>
     <span class='ocr_line' id='line_1_9' title="bbox 208 779 1601 841; baseline 0.001 -14"><span class='ocrx_word' id='word_1_75' title='bbox 208 786 354 827; x_wconf 88' lang='grc' dir='ltr'><strong><em>τούτου</em></strong></span> <span class='ocrx_word' id='word_1_76' title='bbox 379 792 540 839; x_wconf 83' lang='grc' dir='ltr'><strong><em>ψῆφον.</em></strong></span> <span class='ocrx_word' id='word_1_77' title='bbox 567 779 620 838; x_wconf 79' lang='grc' dir='ltr'><strong><em>ἦν</em></strong></span> <span class='ocrx_word' id='word_1_78' title='bbox 646 780 723 827; x_wconf 78' lang='grc' dir='ltr'><strong><em>οὖν</em></strong></span> <span class='ocrx_word' id='word_1_79' title='bbox 742 784 885 827; x_wconf 89' lang='grc' dir='ltr'><strong><em>λοιπὸν</em></strong></span> <span class='ocrx_word' id='word_1_80' title='bbox 905 784 1132 839; x_wconf 84' lang='grc' dir='ltr'><strong><em>ἀναμεῖναι.</em></strong></span> <span class='ocrx_word' id='word_1_81' title='bbox 1161 789 1199 826; x_wconf 84' lang='grc'><strong><em>4.</em></strong></span> <span class='ocrx_word' id='word_1_82' title='bbox 1221 785 1285 827; x_wconf 78' lang='grc' dir='ltr'><strong><em>σοὶ</em></strong></span> <span class='ocrx_word' id='word_1_83' title='bbox 1305 785 1441 839; x_wconf 86' lang='grc' dir='ltr'><strong><em>μέντοι</em></strong></span> <span class='ocrx_word' id='word_1_84' title='bbox 1467 786 1601 841; x_wconf 88' lang='grc' dir='ltr'><strong><em>μένειν</em></strong></span> 
     </span>
     <span class='ocr_line' id='line_1_10' title="bbox 210 851 1602 908; baseline 0.001 -14"><span class='ocrx_word' id='word_1_85' title='bbox 210 851 283 906; x_wconf 85' lang='grc' dir='ltr'><strong><em>μὲν</em></strong></span> <span class='ocrx_word' id='word_1_86' title='bbox 309 851 384 894; x_wconf 82' lang='grc' dir='ltr'><strong><em>οὐκ</em></strong></span> <span class='ocrx_word' id='word_1_87' title='bbox 403 851 511 893; x_wconf 81' lang='grc' dir='ltr'><strong><em>ἔστιν</em></strong></span> <span class='ocrx_word' id='word_1_88' title='bbox 529 851 623 906; x_wconf 79' lang='grc' dir='ltr'><strong><em>ἐκεῖ,</em></strong></span> <span class='ocrx_word' id='word_1_89' title='bbox 648 856 793 908; x_wconf 84' lang='grc' dir='ltr'><strong><em>χωρεῖν</em></strong></span> <span class='ocrx_word' id='word_1_90' title='bbox 813 851 858 894; x_wconf 82' lang='grc' dir='ltr'><strong><em>δὲ</em></strong></span> <span class='ocrx_word' id='word_1_91' title='bbox 877 851 1035 907; x_wconf 79' lang='grc' dir='ltr'><strong><em>ἀνάγκη</em></strong></span> <span class='ocrx_word' id='word_1_92' title='bbox 1056 853 1178 906; x_wconf 85' lang='grc' dir='ltr'><strong><em>δεῦρο</em></strong></span> <span class='ocrx_word' id='word_1_93' title='bbox 1198 860 1270 894; x_wconf 85' lang='grc' dir='ltr'><strong><em>τοῦ</em></strong></span> <span class='ocrx_word' id='word_1_94' title='bbox 1290 869 1329 895; x_wconf 90' lang='grc' dir='ltr'><strong><em>τε</em></strong></span> <span class='ocrx_word' id='word_1_95' title='bbox 1351 852 1602 908; x_wconf 81' lang='grc' dir='ltr'><strong><em>μαχέσασθαι</em></strong></span> 
     </span>
     <span class='ocr_line' id='line_1_11' title="bbox 209 917 1658 976; baseline 0.002 -16"><span class='ocrx_word' id='word_1_96' title='bbox 209 920 311 972; x_wconf 87' lang='grc' dir='ltr'><strong><em>πρὸς</em></strong></span> <span class='ocrx_word' id='word_1_97' title='bbox 335 918 411 972; x_wconf 79' lang='grc' dir='ltr'><strong><em>τὴν</em></strong></span> <span class='ocrx_word' id='word_1_98' title='bbox 436 918 516 961; x_wconf 87' lang='grc' dir='ltr'><strong><em>ἀπὸ</em></strong></span> <span class='ocrx_word' id='word_1_99' title='bbox 547 917 712 976; x_wconf 79' lang='grc' dir='ltr'><strong><em>Θρᾴκης</em></strong></span> <span class='ocrx_word' id='word_1_100' title='bbox 738 919 949 973; x_wconf 80' lang='grc' dir='ltr'><strong><em>εἴσπραξιν</em></strong></span> <span class='ocrx_word' id='word_1_101' title='bbox 973 919 1040 962; x_wconf 72' lang='grc' dir='ltr'><strong><em>καὶ</em></strong></span> <span class='ocrx_word' id='word_1_102' title='bbox 1067 920 1285 975; x_wconf 82' lang='grc' dir='ltr'><strong><em>διαφυγεῖν</em></strong></span> <span class='ocrx_word' id='word_1_103' title='bbox 1312 920 1414 970; x_wconf 79' lang='grc' dir='ltr'><strong><em>ὅλως</em></strong></span> <span class='ocrx_word' id='word_1_104' title='bbox 1434 921 1602 975; x_wconf 87' lang='grc' dir='ltr'><strong><em>βουλήν,</em></strong></span> <span class='ocrx_word' id='word_1_105' title='bbox 1623 937 1658 964; x_wconf 86' lang='grc' dir='ltr'><strong><em>ιο</em></strong></span> 
     </span>
     <span class='ocr_line' id='line_1_12' title="bbox 211 982 1603 1041; baseline 0.001 -14"><span class='ocrx_word' id='word_1_106' title='bbox 211 985 236 1039; x_wconf 72' lang='grc' dir='ltr'>ἢ</span> <span class='ocrx_word' id='word_1_107' title='bbox 263 990 347 1036; x_wconf 87' lang='grc' dir='ltr'><strong><em>τοῖς</em></strong></span> <span class='ocrx_word' id='word_1_108' title='bbox 371 984 446 1040; x_wconf 77' lang='grc' dir='ltr'><strong><em>μὲν</em></strong></span> <span class='ocrx_word' id='word_1_109' title='bbox 470 985 702 1039; x_wconf 86' lang='grc' dir='ltr'><strong><em>ἀνωνύμοις</em></strong></span> <span class='ocrx_word' id='word_1_110' title='bbox 727 989 931 1037; x_wconf 80' lang='grc' dir='ltr'><strong><em>λυσιτελεῖ,</em></strong></span> <span class='ocrx_word' id='word_1_111' title='bbox 956 986 1051 1036; x_wconf 88' lang='grc' dir='ltr'><strong><em>τοὺς</em></strong></span> <span class='ocrx_word' id='word_1_112' title='bbox 1071 983 1109 1027; x_wconf 87' lang='grc' dir='ltr'><strong><em>δ’</em></strong></span> <span class='ocrx_word' id='word_1_113' title='bbox 1132 982 1199 1028; x_wconf 77' lang='grc' dir='ltr'><strong><em>οἷα</em></strong></span> <span class='ocrx_word' id='word_1_114' title='bbox 1219 987 1270 1028; x_wconf 87' lang='grc' dir='ltr'><strong><em>σὺ</em></strong></span> <span class='ocrx_word' id='word_1_115' title='bbox 1289 987 1603 1041; x_wconf 76' lang='grc' dir='ltr'><strong><em>διαδεξαμένους</em></strong></span> 
     </span>
     <span class='ocr_line' id='line_1_13' title="bbox 210 1052 824 1109; baseline -0.002 -14"><span class='ocrx_word' id='word_1_116' title='bbox 210 1053 287 1095; x_wconf 76' lang='grc' dir='ltr'><strong><em>οὐκ</em></strong></span> <span class='ocrx_word' id='word_1_117' title='bbox 311 1052 364 1094; x_wconf 76' lang='grc' dir='ltr'><strong><em>ἂν</em></strong></span> <span class='ocrx_word' id='word_1_118' title='bbox 389 1052 691 1109; x_wconf 85' lang='grc' dir='ltr'><strong><em>λαμπροτέρους</em></strong></span> <span class='ocrx_word' id='word_1_119' title='bbox 716 1054 824 1107; x_wconf 84' lang='grc' dir='ltr'><strong><em>θείη.</em></strong></span> 
     </span>
    </p>
   </div>
   <div class='ocr_carea' id='block_1_3' title="bbox 663 1210 1674 1356">
    <p class='ocr_par' dir='ltr' id='par_1_3' title="bbox 663 1210 1674 1356">
     <span class='ocr_line' id='line_1_14' title="bbox 874 1210 1674 1259; baseline 0.008 -6"><span class='ocrx_word' id='word_1_120' title='bbox 874 1210 937 1254; x_wconf 76' lang='grc' dir='ltr'><strong><em>λε’.</em></strong></span> <span class='ocrx_word' id='word_1_121' title='bbox 1553 1223 1601 1257; x_wconf 90' lang='lat' dir='ltr'>w</span> <span class='ocrx_word' id='word_1_122' title='bbox 1628 1227 1674 1259; x_wconf 78' lang='lat'><strong><em>33</em></strong></span> 
     </span>
     <span class='ocr_line' id='line_1_15' title="bbox 663 1293 1135 1356; baseline 0 -17"><span class='ocrx_word' id='word_1_123' title='bbox 663 1293 928 1356; x_wconf 77' lang='grc' dir='ltr'><strong><em>Ἰουλιανῷ.</em></strong></span> <span class='ocrx_word' id='word_1_124' title='bbox 963 1295 1135 1353; x_wconf 52' lang='grc'><strong><em>(358159)</em></strong></span> 
     </span>
    </p>
   </div>
   <div class='ocr_carea' id='block_1_4' title="bbox 211 1378 1656 1710">
    <p class='ocr_par' dir='ltr' id='par_1_4' title="bbox 211 1378 1656 1710">
     <span class='ocr_line' id='line_1_16' title="bbox 275 1378 1656 1443; baseline 0.004 -19"><span class='ocrx_word' id='word_1_125' title='bbox 275 1387 312 1424; x_wconf 93' lang='grc'><strong><em>1.</em></strong></span> <span class='ocrx_word' id='word_1_126' title='bbox 335 1378 453 1424; x_wconf 85' lang='grc' dir='ltr'><strong><em>’Λλλά</em></strong></span> <span class='ocrx_word' id='word_1_127' title='bbox 472 1395 537 1425; x_wconf 93' lang='grc' dir='ltr'><strong><em>σοι</em></strong></span> <span class='ocrx_word' id='word_1_128' title='bbox 555 1383 599 1425; x_wconf 89' lang='grc' dir='ltr'><strong><em>τὸ</em></strong></span> <span class='ocrx_word' id='word_1_129' title='bbox 625 1382 699 1437; x_wconf 75' lang='grc' dir='ltr'><strong><em>μὲν</em></strong></span> <span class='ocrx_word' id='word_1_130' title='bbox 725 1390 853 1438; x_wconf 83' lang='grc' dir='ltr'><strong><em>σῶμα,</em></strong></span> <span class='ocrx_word' id='word_1_131' title='bbox 878 1382 934 1433; x_wconf 81' lang='grc' dir='ltr'><strong><em>ὡς</em></strong></span> <span class='ocrx_word' id='word_1_132' title='bbox 960 1382 1146 1438; x_wconf 61' lang='grc' dir='ltr'><strong><em>ἐμήνυες,</em></strong></span> <span class='ocrx_word' id='word_1_133' title='bbox 1174 1384 1242 1426; x_wconf 80' lang='grc' dir='ltr'><strong><em>διὰ</em></strong></span> <span class='ocrx_word' id='word_1_134' title='bbox 1267 1386 1406 1436; x_wconf 86' lang='grc' dir='ltr'><strong><em>τέλους</em></strong></span> <span class='ocrx_word' id='word_1_135' title='bbox 1431 1386 1528 1441; x_wconf 78' lang='grc' dir='ltr'><strong><em>ἔχοι,</em></strong></span> <span class='ocrx_word' id='word_1_136' title='bbox 1552 1393 1600 1443; x_wconf 80' lang='grc' dir='ltr'><strong><em>τῇ</em></strong></span> <span class='ocrx_word' id='word_1_137' title='bbox 1622 1402 1656 1429; x_wconf 71' lang='grc' dir='ltr'><strong><em>ιο</em></strong></span> 
     </span>
     <span class='ocr_line' id='line_1_17' title="bbox 211 1448 1601 1507; baseline 0.003 -16"><span class='ocrx_word' id='word_1_138' title='bbox 211 1450 319 1507; x_wconf 79' lang='grc' dir='ltr'><strong><em>λύπῃ</em></strong></span> <span class='ocrx_word' id='word_1_139' title='bbox 345 1448 389 1491; x_wconf 81' lang='grc' dir='ltr'><strong><em>δὲ</em></strong></span> <span class='ocrx_word' id='word_1_140' title='bbox 415 1450 632 1505; x_wconf 83' lang='grc' dir='ltr'><strong><em>φάρμακον</em></strong></span> <span class='ocrx_word' id='word_1_141' title='bbox 657 1450 772 1492; x_wconf 80' lang='grc' dir='ltr'><strong><em>ἔλθοι</em></strong></span> <span class='ocrx_word' id='word_1_142' title='bbox 796 1450 907 1506; x_wconf 86' lang='grc' dir='ltr'><strong><em>παρὰ</em></strong></span> <span class='ocrx_word' id='word_1_143' title='bbox 937 1458 1010 1493; x_wconf 85' lang='grc' dir='ltr'><strong><em>τοῦ</em></strong></span> <span class='ocrx_word' id='word_1_144' title='bbox 1036 1455 1159 1502; x_wconf 81' lang='grc' dir='ltr'><strong><em>θεοῦ,</em></strong></span> <span class='ocrx_word' id='word_1_145' title='bbox 1186 1455 1338 1506; x_wconf 87' lang='grc' dir='ltr'><strong><em>μᾶλλον</em></strong></span> <span class='ocrx_word' id='word_1_146' title='bbox 1363 1452 1426 1507; x_wconf 85' lang='grc' dir='ltr'><strong><em>δέ,</em></strong></span> <span class='ocrx_word' id='word_1_147' title='bbox 1451 1452 1496 1495; x_wconf 86' lang='grc' dir='ltr'><strong><em>τὸ</em></strong></span> <span class='ocrx_word' id='word_1_148' title='bbox 1528 1452 1601 1507; x_wconf 85' lang='grc' dir='ltr'><strong><em>μέν</em></strong></span> 
     </span>
     <span class='ocr_line' id='line_1_18' title="bbox 212 1517 1600 1573; baseline 0.004 -16"><span class='ocrx_word' id='word_1_149' title='bbox 212 1533 248 1558; x_wconf 90' lang='grc' dir='ltr'><strong><em>τι</em></strong></span> <span class='ocrx_word' id='word_1_150' title='bbox 273 1523 345 1571; x_wconf 81' lang='grc' dir='ltr'><strong><em>τῆς</em></strong></span> <span class='ocrx_word' id='word_1_151' title='bbox 370 1517 502 1571; x_wconf 86' lang='grc' dir='ltr'><strong><em>λύπης</em></strong></span> <span class='ocrx_word' id='word_1_152' title='bbox 533 1517 658 1559; x_wconf 86' lang='grc' dir='ltr'><strong><em>δεῖται</em></strong></span> <span class='ocrx_word' id='word_1_153' title='bbox 689 1522 816 1572; x_wconf 81' lang='grc' dir='ltr'><strong><em>θεοῦ,</em></strong></span> <span class='ocrx_word' id='word_1_154' title='bbox 848 1518 892 1560; x_wconf 85' lang='grc' dir='ltr'><strong><em>τὸ</em></strong></span> <span class='ocrx_word' id='word_1_155' title='bbox 925 1517 969 1560; x_wconf 83' lang='grc' dir='ltr'><strong><em>δὲ</em></strong></span> <span class='ocrx_word' id='word_1_156' title='bbox 1001 1518 1116 1573; x_wconf 81' lang='grc' dir='ltr'><strong><em>ὑμεῖς</em></strong></span> <span class='ocrx_word' id='word_1_157' title='bbox 1147 1518 1247 1572; x_wconf 78' lang='grc' dir='ltr'><strong><em>ὑμῖν</em></strong></span> <span class='ocrx_word' id='word_1_158' title='bbox 1279 1520 1417 1571; x_wconf 79' lang='grc' dir='ltr'><strong><em>αὐτοῖς</em></strong></span> <span class='ocrx_word' id='word_1_159' title='bbox 1447 1528 1600 1563; x_wconf 86' lang='grc' dir='ltr'><strong><em>παῦσαι</em></strong></span> 
     </span>
     <span class='ocr_line' id='line_1_19' title="bbox 212 1582 1600 1641; baseline 0.003 -16"><span class='ocrx_word' id='word_1_160' title='bbox 212 1584 355 1640; x_wconf 79' lang='grc' dir='ltr'><strong><em>κύριοι.</em></strong></span> <span class='ocrx_word' id='word_1_161' title='bbox 394 1583 438 1625; x_wconf 87' lang='grc' dir='ltr'><strong><em>τὸ</em></strong></span> <span class='ocrx_word' id='word_1_162' title='bbox 465 1582 539 1638; x_wconf 73' lang='grc' dir='ltr'><strong><em>μὲν</em></strong></span> <span class='ocrx_word' id='word_1_163' title='bbox 564 1583 639 1640; x_wconf 87' lang='grc' dir='ltr'><strong><em>γὰρ</em></strong></span> <span class='ocrx_word' id='word_1_164' title='bbox 671 1583 908 1640; x_wconf 83' lang='grc' dir='ltr'><strong><em>ἀνορθῶσαι</em></strong></span> <span class='ocrx_word' id='word_1_165' title='bbox 933 1584 1008 1639; x_wconf 82' lang='grc' dir='ltr'><strong><em>τὴν</em></strong></span> <span class='ocrx_word' id='word_1_166' title='bbox 1041 1585 1160 1627; x_wconf 87' lang='grc' dir='ltr'><strong><em>πόλιν</em></strong></span> <span class='ocrx_word' id='word_1_167' title='bbox 1185 1585 1364 1641; x_wconf 75' lang='grc' dir='ltr'><strong><em>ἕτοιμον,</em></strong></span> <span class='ocrx_word' id='word_1_168' title='bbox 1390 1587 1428 1629; x_wconf 76' lang='grc' dir='ltr'><strong><em>εἰ</em></strong></span> <span class='ocrx_word' id='word_1_169' title='bbox 1451 1588 1600 1641; x_wconf 88' lang='grc' dir='ltr'><strong><em>βουλη-</em></strong></span> 
     </span>
     <span class='ocr_line' id='line_1_20' title="bbox 213 1646 1600 1710; baseline 0.003 -19"><span class='ocrx_word' id='word_1_170' title='bbox 213 1651 364 1704; x_wconf 82' lang='grc' dir='ltr'><strong><em>θείητε,</em></strong></span> <span class='ocrx_word' id='word_1_171' title='bbox 388 1657 460 1705; x_wconf 82' lang='grc' dir='ltr'><strong><em>τῆς</em></strong></span> <span class='ocrx_word' id='word_1_172' title='bbox 485 1646 525 1692; x_wconf 86' lang='grc' dir='ltr'><strong><em>δ’</em></strong></span> <span class='ocrx_word' id='word_1_173' title='bbox 547 1650 614 1693; x_wconf 78' lang='grc' dir='ltr'><strong><em>ἐπὶ</em></strong></span> <span class='ocrx_word' id='word_1_174' title='bbox 633 1655 722 1702; x_wconf 60' lang='grc' dir='ltr'><strong><em>τοῖς</em></strong></span> <span class='ocrx_word' id='word_1_175' title='bbox 746 1656 967 1694; x_wconf 84' lang='grc' dir='ltr'><strong><em>τεθνεῶσιν</em></strong></span> <span class='ocrx_word' id='word_1_176' title='bbox 993 1651 1177 1706; x_wconf 82' lang='grc' dir='ltr'><strong><em>ἀθυμίας</em></strong></span> <span class='ocrx_word' id='word_1_177' title='bbox 1202 1652 1243 1703; x_wconf 75' lang='grc' dir='ltr'><strong><em>ἐξ</em></strong></span> <span class='ocrx_word' id='word_1_178' title='bbox 1262 1653 1442 1710; x_wconf 81' lang='grc' dir='ltr'><strong><em>ούρανοῦ</em></strong></span> <span class='ocrx_word' id='word_1_179' title='bbox 1467 1659 1600 1696; x_wconf 85' lang='grc' dir='ltr'><strong><em>ποθεν</em></strong></span> 
     </span>
    </p>
   </div>
   <div class='ocr_carea' id='block_1_5' title="bbox 211 1742 502 1749">
    <p class='ocr_par' dir='ltr' id='par_1_5' title="bbox 211 1742 502 1749">
     <span class='ocr_line' id='line_1_21' title="bbox 211 1742 502 1749; baseline 0 1215"><span class='ocrx_word' id='word_1_180' title='bbox 211 1742 502 1749; x_wconf 95' lang='lat' dir='ltr'><strong><em> </em></strong></span> 
     </span>
    </p>
   </div>
   <div class='ocr_carea' id='block_1_6' title="bbox 287 1793 1347 1842">
    <p class='ocr_par' dir='ltr' id='par_1_6' title="bbox 287 1793 1347 1842">
     <span class='ocr_line' id='line_1_22' title="bbox 287 1793 1347 1842; baseline 0.002 -12"><span class='ocrx_word' id='word_1_181' title='bbox 287 1798 332 1831; x_wconf 74' lang='lat'><strong><em>18</em></strong></span> <span class='ocrx_word' id='word_1_182' title='bbox 366 1794 434 1834; x_wconf 82' lang='lat' dir='ltr'><strong><em>V11</em></strong></span> <span class='ocrx_word' id='word_1_183' title='bbox 457 1793 505 1842; x_wconf 82' lang='grc' dir='ltr'><strong><em>β’,</em></strong></span> <span class='ocrx_word' id='word_1_184' title='bbox 532 1793 604 1840; x_wconf 77' lang='grc' dir='ltr'><strong><em>κη’.</em></strong></span> <span class='ocrx_word' id='word_1_185' title='bbox 639 1794 692 1831; x_wconf 87' lang='lat' dir='ltr'><strong><em>Vo</em></strong></span> <span class='ocrx_word' id='word_1_186' title='bbox 717 1793 768 1839; x_wconf 82' lang='grc' dir='ltr'><strong><em>α’,</em></strong></span> <span class='ocrx_word' id='word_1_187' title='bbox 794 1794 866 1830; x_wconf 79' lang='grc' dir='ltr'><strong><em>κα’.</em></strong></span> <span class='ocrx_word' id='word_1_188' title='bbox 895 1794 924 1831; x_wconf 82' lang='lat' dir='ltr'><strong><em>S</em></strong></span> <span class='ocrx_word' id='word_1_189' title='bbox 948 1794 998 1840; x_wconf 89' lang='grc' dir='ltr'><strong><em>α’,</em></strong></span> <span class='ocrx_word' id='word_1_190' title='bbox 1023 1794 1066 1830; x_wconf 87' lang='grc' dir='ltr'><strong><em>λ’.</em></strong></span> <span class='ocrx_word' id='word_1_191' title='bbox 1102 1795 1150 1832; x_wconf 68' lang='lat' dir='ltr'><strong><em>Vs·</em></strong></span> <span class='ocrx_word' id='word_1_192' title='bbox 1175 1794 1271 1842; x_wconf 81' lang='grc' dir='ltr'><strong><em>ρμγ’.</em></strong></span> <span class='ocrx_word' id='word_1_193' title='bbox 1298 1807 1347 1842; x_wconf 86' lang='lat' dir='ltr'><strong><em>pr</em></strong></span> 
     </span>
    </p>
   </div>
   <div class='ocr_carea' id='block_1_7' title="bbox 213 1875 505 1882">
    <p class='ocr_par' dir='ltr' id='par_1_7' title="bbox 213 1875 505 1882">
     <span class='ocr_line' id='line_1_23' title="bbox 213 1875 505 1882; baseline 0 0"><span class='ocrx_word' id='word_1_194' title='bbox 213 1875 505 1882; x_wconf 95' lang='lat' dir='ltr'><strong><em> </em></strong></span> 
     </span>
    </p>
   </div>
   <div class='ocr_carea' id='block_1_8' title="bbox 209 1928 1600 2074">
    <p class='ocr_par' dir='ltr' id='par_1_8' title="bbox 209 1928 1600 2074">
     <span class='ocr_line' id='line_1_24' title="bbox 283 1928 1600 1976; baseline 0.001 -11"><span class='ocrx_word' id='word_1_195' title='bbox 283 1932 305 1964; x_wconf 82' lang='lat'><strong>2</strong></span> <span class='ocrx_word' id='word_1_196' title='bbox 332 1928 453 1965; x_wconf 81' lang='lat' dir='ltr'><strong>Seeck</strong></span> <span class='ocrx_word' id='word_1_197' title='bbox 486 1932 558 1965; x_wconf 75' lang='grc'><strong><em>214</em></strong></span> <span class='ocrx_word' id='word_1_198' title='bbox 640 1932 661 1964; x_wconf 77' lang='lat'>4</span> <span class='ocrx_word' id='word_1_199' title='bbox 687 1928 808 1965; x_wconf 83' lang='lat' dir='ltr'><strong>Seeck</strong></span> <span class='ocrx_word' id='word_1_200' title='bbox 841 1932 914 1965; x_wconf 72' lang='lat'><strong><em>228</em></strong></span> <span class='ocrx_word' id='word_1_201' title='bbox 991 1932 1012 1965; x_wconf 84' lang='grc'><strong>9</strong></span> <span class='ocrx_word' id='word_1_202' title='bbox 1040 1928 1379 1976; x_wconf 68' lang='lat' dir='ltr'><strong>Constantinopoli</strong></span> <span class='ocrx_word' id='word_1_203' title='bbox 1405 1929 1453 1966; x_wconf 84' lang='lat' dir='ltr'><strong><em>of.</em></strong></span> <span class='ocrx_word' id='word_1_204' title='bbox 1481 1929 1600 1966; x_wconf 81' lang='lat' dir='ltr'>Seeck</span> 
     </span>
     <span class='ocr_line' id='line_1_25' title="bbox 213 1976 1599 2024; baseline 0.001 -11"><span class='ocrx_word' id='word_1_205' title='bbox 213 1980 295 2014; x_wconf 80' lang='lat'>299.</span> <span class='ocrx_word' id='word_1_206' title='bbox 322 1981 461 2024; x_wconf 67' lang='lat'><strong><em>353311.</em></strong></span> <span class='ocrx_word' id='word_1_207' title='bbox 545 1981 655 2023; x_wconf 76' lang='lat' dir='ltr'><strong>losq.</strong></span> <span class='ocrx_word' id='word_1_208' title='bbox 682 1976 803 2014; x_wconf 81' lang='lat' dir='ltr'>Seeck</span> <span class='ocrx_word' id='word_1_209' title='bbox 829 1980 900 2014; x_wconf 80' lang='lat'><strong><em>299</em></strong></span> <span class='ocrx_word' id='word_1_210' title='bbox 1003 1980 1049 2014; x_wconf 77' lang='lat'><strong><em>14</em></strong></span> <span class='ocrx_word' id='word_1_211' title='bbox 1077 1976 1228 2014; x_wconf 75' lang='lat' dir='ltr'><strong>Sievern</strong></span> <span class='ocrx_word' id='word_1_212' title='bbox 1255 1982 1337 2015; x_wconf 81' lang='lat'><strong>246.</strong></span> <span class='ocrx_word' id='word_1_213' title='bbox 1371 1977 1491 2015; x_wconf 81' lang='lat' dir='ltr'><strong>Seeck</strong></span> <span class='ocrx_word' id='word_1_214' title='bbox 1519 1981 1599 2015; x_wconf 88' lang='lat'>188.</span> 
     </span>
     <span class='ocr_line' id='line_1_26' title="bbox 209 2025 1472 2074; baseline 0.001 -13"><span class='ocrx_word' id='word_1_215' title='bbox 209 2029 291 2063; x_wconf 78' lang='lat'><strong><em>353.</em></strong></span> <span class='ocrx_word' id='word_1_216' title='bbox 319 2025 490 2063; x_wconf 89' lang='lat' dir='ltr'><strong>Silomon</strong></span> <span class='ocrx_word' id='word_1_217' title='bbox 515 2029 562 2062; x_wconf 72' lang='lat'><strong><em>22</em></strong></span> <span class='ocrx_word' id='word_1_218' title='bbox 641 2029 685 2062; x_wconf 85' lang='lat'><strong><em>18</em></strong></span> <span class='ocrx_word' id='word_1_219' title='bbox 711 2025 980 2063; x_wconf 69' lang='lat' dir='ltr'><strong>Nicomediam</strong></span> <span class='ocrx_word' id='word_1_220' title='bbox 1008 2026 1055 2062; x_wconf 86' lang='lat' dir='ltr'><strong><em>of.</em></strong></span> <span class='ocrx_word' id='word_1_221' title='bbox 1085 2026 1135 2062; x_wconf 76' lang='lat' dir='ltr'><strong><em>ad</em></strong></span> <span class='ocrx_word' id='word_1_222' title='bbox 1165 2037 1224 2073; x_wconf 86' lang='lat' dir='ltr'><strong>ep.</strong></span> <span class='ocrx_word' id='word_1_223' title='bbox 1247 2030 1293 2063; x_wconf 79' lang='lat'><strong><em>33</em></strong></span> <span class='ocrx_word' id='word_1_224' title='bbox 1314 2039 1352 2074; x_wconf 83' lang='lat' dir='ltr'><strong><em>p.</em></strong></span> <span class='ocrx_word' id='word_1_225' title='bbox 1375 2030 1472 2072; x_wconf 77' lang='lat'>29,8</span> 
     </span>
    </p>
   </div>
   <div class='ocr_carea' id='block_1_9' title="bbox 214 2105 503 2116">
    <p class='ocr_par' dir='ltr' id='par_1_9' title="bbox 214 2105 503 2116">
     <span class='ocr_line' id='line_1_27' title="bbox 214 2105 503 2116; baseline 0 848"><span class='ocrx_word' id='word_1_226' title='bbox 214 2105 503 2116; x_wconf 95' lang='lat' dir='ltr'><strong><em> </em></strong></span> 
     </span>
    </p>
   </div>
   <div class='ocr_carea' id='block_1_10' title="bbox 212 2159 1601 2450">
    <p class='ocr_par' dir='ltr' id='par_1_10' title="bbox 212 2159 1601 2450">
     <span class='ocr_line' id='line_1_28' title="bbox 289 2159 1601 2218; baseline 0.002 -22"><span class='ocrx_word' id='word_1_227' title='bbox 289 2165 307 2196; x_wconf 95' lang='lat'>1</span> <span class='ocrx_word' id='word_1_228' title='bbox 334 2159 371 2197; x_wconf 79' lang='grc' dir='ltr'><strong><em>τί</em></strong></span> <span class='ocrx_word' id='word_1_229' title='bbox 404 2161 457 2199; x_wconf 91' lang='lat' dir='ltr'><strong><em>Vo</em></strong></span> <span class='ocrx_word' id='word_1_230' title='bbox 471 2163 484 2218; x_wconf 87' lang='grc' dir='ltr'>Ι</span> <span class='ocrx_word' id='word_1_231' title='bbox 506 2161 549 2198; x_wconf 78' lang='grc' dir='ltr'><strong><em>δὲ</em></strong></span> <span class='ocrx_word' id='word_1_232' title='bbox 573 2161 677 2198; x_wconf 74' lang='lat' dir='ltr'><strong>inser</strong></span> <span class='ocrx_word' id='word_1_233' title='bbox 708 2160 782 2198; x_wconf 77' lang='lat' dir='ltr'><strong><em>Vo’</em></strong></span> <span class='ocrx_word' id='word_1_234' title='bbox 806 2172 869 2197; x_wconf 90' lang='lat' dir='ltr'><strong><em>om</em></strong></span> <span class='ocrx_word' id='word_1_235' title='bbox 903 2162 938 2198; x_wconf 89' lang='lat' dir='ltr'><strong><em>V</em></strong></span> <span class='ocrx_word' id='word_1_236' title='bbox 958 2171 1006 2208; x_wconf 87' lang='lat' dir='ltr'><strong><em>pr</em></strong></span> <span class='ocrx_word' id='word_1_237' title='bbox 1068 2165 1089 2196; x_wconf 80' lang='grc'>6</span> <span class='ocrx_word' id='word_1_238' title='bbox 1117 2164 1159 2207; x_wconf 84' lang='grc' dir='ltr'><strong><em>ζῆ</em></strong></span> <span class='ocrx_word' id='word_1_239' title='bbox 1184 2159 1244 2197; x_wconf 85' lang='grc' dir='ltr'><strong><em>τίσ</em></strong></span> <span class='ocrx_word' id='word_1_240' title='bbox 1269 2163 1338 2207; x_wconf 79' lang='grc' dir='ltr'><strong><em>(τις</em></strong></span> <span class='ocrx_word' id='word_1_241' title='bbox 1361 2162 1422 2207; x_wconf 82' lang='lat' dir='ltr'><strong><em>pr)</em></strong></span> <span class='ocrx_word' id='word_1_242' title='bbox 1443 2159 1467 2208; x_wconf 82' lang='grc' dir='ltr'>ἢ</span> <span class='ocrx_word' id='word_1_243' title='bbox 1501 2162 1601 2199; x_wconf 88' lang='lat' dir='ltr'><strong><em>VVo</em></strong></span> 
     </span>
     <span class='ocr_line' id='line_1_29' title="bbox 212 2206 1600 2257; baseline 0 -12"><span class='ocrx_word' id='word_1_244' title='bbox 212 2209 280 2246; x_wconf 77' lang='lat' dir='ltr'><strong>sed</strong></span> <span class='ocrx_word' id='word_1_245' title='bbox 304 2208 346 2245; x_wconf 85' lang='lat' dir='ltr'><strong><em>in</em></strong></span> <span class='ocrx_word' id='word_1_246' title='bbox 370 2210 444 2247; x_wconf 82' lang='lat' dir='ltr'><strong><em>hoo</em></strong></span> <span class='ocrx_word' id='word_1_247' title='bbox 468 2209 509 2246; x_wconf 90' lang='lat' dir='ltr'><strong><em>in</em></strong></span> <span class='ocrx_word' id='word_1_248' title='bbox 535 2213 578 2257; x_wconf 80' lang='grc' dir='ltr'><strong><em>ζη</em></strong></span> <span class='ocrx_word' id='word_1_249' title='bbox 580 2209 704 2256; x_wconf 71' lang='grc' dir='ltr'><strong><em>νήσων</em></strong></span> <span class='ocrx_word' id='word_1_250' title='bbox 730 2206 754 2255; x_wconf 83' lang='grc' dir='ltr'><strong>ἧ</strong></span> <span class='ocrx_word' id='word_1_251' title='bbox 780 2221 865 2247; x_wconf 84' lang='lat' dir='ltr'><strong>oon·</strong></span> <span class='ocrx_word' id='word_1_252' title='bbox 888 2208 958 2254; x_wconf 82' lang='lat' dir='ltr'><strong><em>m’,</em></strong></span> <span class='ocrx_word' id='word_1_253' title='bbox 984 2221 1031 2256; x_wconf 89' lang='lat' dir='ltr'><strong><em>pr</em></strong></span> <span class='ocrx_word' id='word_1_254' title='bbox 1108 2212 1128 2244; x_wconf 79' lang='lat'><strong><em>&#39;1</em></strong></span> <span class='ocrx_word' id='word_1_255' title='bbox 1156 2207 1220 2249; x_wconf 76' lang='grc' dir='ltr'><strong><em>οἵα</em></strong></span> <span class='ocrx_word' id='word_1_256' title='bbox 1255 2210 1308 2248; x_wconf 88' lang='lat' dir='ltr'><strong><em>Vo</em></strong></span> <span class='ocrx_word' id='word_1_257' title='bbox 1333 2209 1444 2246; x_wconf 86' lang='lat' dir='ltr'><strong>Wolf</strong></span> <span class='ocrx_word' id='word_1_258' title='bbox 1509 2214 1530 2246; x_wconf 87' lang='lat'><em>8</em></span> <span class='ocrx_word' id='word_1_259' title='bbox 1556 2209 1600 2246; x_wconf 77' lang='grc' dir='ltr'><strong><em>δὲ</em></strong></span> 
     </span>
     <span class='ocr_line' id='line_1_30' title="bbox 213 2256 1588 2315; baseline 0 -20"><span class='ocrx_word' id='word_1_260' title='bbox 213 2256 432 2305; x_wconf 79' lang='grc' dir='ltr'><strong><em>ποιμαίνειν</em></strong></span> <span class='ocrx_word' id='word_1_261' title='bbox 455 2259 491 2295; x_wconf 89' lang='lat' dir='ltr'><strong><em>V</em></strong></span> <span class='ocrx_word' id='word_1_262' title='bbox 506 2258 577 2306; x_wconf 75' lang='grc' dir='ltr'><strong><em>μὲν</em></strong></span> <span class='ocrx_word' id='word_1_263' title='bbox 601 2257 821 2315; x_wconf 71' lang='grc' dir='ltr'><strong><em>ποιμαίνειν</em></strong></span> <span class='ocrx_word' id='word_1_264' title='bbox 851 2258 902 2296; x_wconf 89' lang='lat' dir='ltr'><strong><em>Vo</em></strong></span> <span class='ocrx_word' id='word_1_265' title='bbox 926 2258 995 2294; x_wconf 76' lang='lat' dir='ltr'><strong>sed</strong></span> <span class='ocrx_word' id='word_1_266' title='bbox 1021 2257 1152 2304; x_wconf 81' lang='grc' dir='ltr'><strong><em>μέντοι</em></strong></span> <span class='ocrx_word' id='word_1_267' title='bbox 1177 2257 1303 2305; x_wconf 80' lang='grc' dir='ltr'><strong><em>μένειν</em></strong></span> <span class='ocrx_word' id='word_1_268' title='bbox 1329 2269 1507 2306; x_wconf 72' lang='lat' dir='ltr'><strong>suprascr</strong></span> <span class='ocrx_word' id='word_1_269' title='bbox 1530 2260 1588 2294; x_wconf 62' lang='grc' dir='ltr'><strong><em>ιη’</em></strong></span> 
     </span>
     <span class='ocr_line' id='line_1_31' title="bbox 213 2306 1599 2356; baseline 0.001 -14"><span class='ocrx_word' id='word_1_270' title='bbox 213 2318 259 2352; x_wconf 81' lang='lat' dir='ltr'><strong><em>pr</em></strong></span> <span class='ocrx_word' id='word_1_271' title='bbox 326 2310 347 2343; x_wconf 77' lang='lat'>9</span> <span class='ocrx_word' id='word_1_272' title='bbox 373 2306 616 2356; x_wconf 77' lang='grc' dir='ltr'><strong><em>μαχέσασθαι</em></strong></span> <span class='ocrx_word' id='word_1_273' title='bbox 641 2307 780 2354; x_wconf 76' lang='lat' dir='ltr'>scripsi</span> <span class='ocrx_word' id='word_1_274' title='bbox 805 2307 1016 2344; x_wconf 71' lang='lat' dir='ltr'><strong>seeundum</strong></span> <span class='ocrx_word' id='word_1_275' title='bbox 1041 2318 1154 2343; x_wconf 79' lang='lat' dir='ltr'><strong>usum</strong></span> <span class='ocrx_word' id='word_1_276' title='bbox 1181 2308 1423 2344; x_wconf 69' lang='lat' dir='ltr'><strong>constantem</strong></span> <span class='ocrx_word' id='word_1_277' title='bbox 1449 2306 1599 2343; x_wconf 70' lang='lat' dir='ltr'><strong>Libanii</strong></span> 
     </span>
     <span class='ocr_line' id='line_1_32' title="bbox 215 2322 1566 2404; baseline 0 -12"><span class='ocrx_word' id='word_1_278' title='bbox 215 2322 456 2404; x_wconf 76' lang='grc' dir='ltr'><strong><em>μαχήσεσθαι</em></strong></span> <span class='ocrx_word' id='word_1_279' title='bbox 488 2357 605 2402; x_wconf 58' lang='lat' dir='ltr'><strong><em>Vua</em></strong></span> <span class='ocrx_word' id='word_1_280' title='bbox 605 2356 801 2404; x_wconf 75' lang='grc' dir='ltr'><strong><em>χήσασθαι</em></strong></span> <span class='ocrx_word' id='word_1_281' title='bbox 835 2356 888 2393; x_wconf 83' lang='lat' dir='ltr'><strong><em>Vo</em></strong></span> <span class='ocrx_word' id='word_1_282' title='bbox 906 2355 982 2392; x_wconf 80' lang='lat' dir='ltr'><strong>edd</strong></span> <span class='ocrx_word' id='word_1_283' title='bbox 1059 2359 1103 2391; x_wconf 81' lang='lat'><strong><em>14</em></strong></span> <span class='ocrx_word' id='word_1_284' title='bbox 1131 2355 1312 2393; x_wconf 81' lang='grc' dir='ltr'><strong><em>ἰουλιανῶ</em></strong></span> <span class='ocrx_word' id='word_1_285' title='bbox 1338 2356 1486 2404; x_wconf 82' lang='grc' dir='ltr'><strong><em>βασιλεῖ</em></strong></span> <span class='ocrx_word' id='word_1_286' title='bbox 1518 2356 1566 2393; x_wconf 72' lang='lat' dir='ltr'><strong><em>Vs·</em></strong></span> 
     </span>
     <span class='ocr_line' id='line_1_33' title="bbox 218 2370 1599 2450; baseline 0.003 -12"><span class='ocrx_word' id='word_1_287' title='bbox 218 2407 261 2439; x_wconf 79' lang='lat'><strong><em>15</em></strong></span> <span class='ocrx_word' id='word_1_288' title='bbox 294 2401 336 2441; x_wconf 69' lang='grc' dir='ltr'><strong><em>εὖ</em></strong></span> <span class='ocrx_word' id='word_1_289' title='bbox 371 2406 460 2441; x_wconf 68' lang='lat' dir='ltr'><strong>anto</strong></span> <span class='ocrx_word' id='word_1_290' title='bbox 496 2370 605 2442; x_wconf 66' lang='grc' dir='ltr'><strong><em>διὰμα</em></strong></span> <span class='ocrx_word' id='word_1_291' title='bbox 598 2415 644 2441; x_wconf 85' lang='lat' dir='ltr'><strong>ex</strong></span> <span class='ocrx_word' id='word_1_292' title='bbox 678 2404 797 2441; x_wconf 83' lang='lat' dir='ltr'>Ambr</span> <span class='ocrx_word' id='word_1_293' title='bbox 831 2404 862 2440; x_wconf 88' lang='grc' dir='ltr'><strong>Τ</strong></span> <span class='ocrx_word' id='word_1_294' title='bbox 890 2407 934 2440; x_wconf 82' lang='grc'><strong><em>’13</em></strong></span> <span class='ocrx_word' id='word_1_295' title='bbox 971 2404 1074 2441; x_wconf 76' lang='lat' dir='ltr'><strong>inser</strong></span> <span class='ocrx_word' id='word_1_296' title='bbox 1103 2403 1210 2440; x_wconf 85' lang='lat' dir='ltr'><strong>Wolf</strong></span> <span class='ocrx_word' id='word_1_297' title='bbox 1253 2404 1377 2441; x_wconf 84' lang='lat' dir='ltr'><strong>delevi</strong></span> <span class='ocrx_word' id='word_1_298' title='bbox 1423 2409 1428 2450; x_wconf 85' lang='grc' dir='ltr'>Ι</span> <span class='ocrx_word' id='word_1_299' title='bbox 1476 2404 1599 2442; x_wconf 75' lang='grc' dir='ltr'><strong><em>διατέ-</em></strong></span> 
     </span>
    </p>
   </div>
   <div class='ocr_carea' id='block_1_11' title="bbox 214 2451 1600 2537">
    <p class='ocr_par' dir='ltr' id='par_1_11' title="bbox 214 2451 1600 2537">
     <span class='ocr_line' id='line_1_34' title="bbox 214 2451 1600 2536; baseline 0 -46"><span class='ocrx_word' id='word_1_300' title='bbox 214 2453 359 2536; x_wconf 45' lang='grc' dir='ltr'><strong><em>λῦρῖυῗξγ</em></strong></span> <span class='ocrx_word' id='word_1_301' title='bbox 429 2457 474 2490; x_wconf 78' lang='grc'><strong><em>16</em></strong></span> <span class='ocrx_word' id='word_1_302' title='bbox 512 2459 582 2491; x_wconf 77' lang='grc' dir='ltr'><strong><em>τοῦ</em></strong></span> <span class='ocrx_word' id='word_1_303' title='bbox 607 2464 670 2490; x_wconf 90' lang='lat' dir='ltr'><strong><em>om</em></strong></span> <span class='ocrx_word' id='word_1_304' title='bbox 699 2454 734 2490; x_wconf 91' lang='lat' dir='ltr'><strong><em>V</em></strong></span> <span class='ocrx_word' id='word_1_305' title='bbox 804 2456 849 2489; x_wconf 85' lang='lat'><strong><em>18</em></strong></span> <span class='ocrx_word' id='word_1_306' title='bbox 874 2452 945 2499; x_wconf 82' lang='grc' dir='ltr'><strong><em>τὴν</em></strong></span> <span class='ocrx_word' id='word_1_307' title='bbox 970 2464 1032 2489; x_wconf 87' lang='grc' dir='ltr'><strong><em>οιιι</em></strong></span> <span class='ocrx_word' id='word_1_308' title='bbox 1059 2453 1105 2489; x_wconf 69' lang='lat' dir='ltr'><strong><em>Vs·</em></strong></span> <span class='ocrx_word' id='word_1_309' title='bbox 1188 2458 1233 2489; x_wconf 84' lang='grc'><strong><em>19</em></strong></span> <span class='ocrx_word' id='word_1_310' title='bbox 1260 2453 1302 2489; x_wconf 78' lang='grc' dir='ltr'><strong><em>δὲ</em></strong></span> <span class='ocrx_word' id='word_1_311' title='bbox 1323 2453 1414 2490; x_wconf 81' lang='lat' dir='ltr'><strong><em>SVi</em></strong></span> <span class='ocrx_word' id='word_1_312' title='bbox 1434 2455 1441 2500; x_wconf 70' lang='grc'>1</span> <span class='ocrx_word' id='word_1_313' title='bbox 1463 2451 1600 2498; x_wconf 81' lang='grc' dir='ltr'><strong><em>πόθεν.</em></strong></span> 
     </span>
     <span class='ocr_line' id='line_1_35' title="bbox 266 2511 289 2537; baseline 0 0"><span class='ocrx_word' id='word_1_314' title='bbox 266 2511 289 2537; x_wconf 92' lang='lat' dir='ltr'><strong>o</strong></span> 
     </span>
    </p>
   </div>
  </div>
 </body>
</html>
