1806 2964
260 232 351 275 720
846 234 1028 271 LIBANII

262 343 328 384 καὶ
357 344 547 392 Φοίνικος
571 342 772 398 ἄρχοντος,
806 341 891 385 ἀλλ’
922 345 981 386 ὅτι
1005 358 1047 387 σε
1071 346 1204 388 ἀκούω
1231 348 1297 389 καὶ
1322 357 1438 403 τιμᾶν
1463 350 1534 400 οὓς
1560 352 1627 393 δεῖ

262 408 329 448 καὶ
353 409 532 456 κολάζειν
558 408 628 457 οὓς
653 410 738 462 χρή,
762 409 829 450 καὶ
854 417 968 452 τοῦτο
994 418 1152 466 πρῶτον
1176 412 1420 455 ἀπαιτοῦντα
1438 416 1530 465 τοὺς
1550 417 1619 468 φί-

262 477 358 522 λους
383 474 426 515 τὸ
453 474 507 526 μὴ
535 473 719 515 ἀπειθεῖν
744 479 826 524 τοῖς
851 475 1002 528 νόμοις.
1047 479 1086 518 4.
1113 477 1166 526 ὡς
1198 479 1303 528 ὅστις
1333 478 1376 520 ἐν
1406 479 1505 537 ἀρχῇ
1537 485 1619 531 τοῖς

262 539 385 579 πάλαι
410 539 607 591 συνήθεσι
633 540 771 581 δίδωσι
796 545 1056 594 παρανομεῖν,
1080 543 1276 597 βλαβερὰν
1295 544 1533 600 ἀμφοτέροις
1550 562 1618 600 χα-

228 620 243 646 5
264 605 408 657 ρίζεται
432 605 546 658 χάριν
569 604 636 645 καὶ
661 606 792 646 δοκῶν
817 606 1019 647 αἰδεῖσθαι
1044 609 1182 659 φιλίαν
1207 608 1329 650 αὐτόν
1353 625 1391 650 τε
1409 609 1618 661 κάκείνους

263 675 390 721 μισῶν
421 669 494 710 οὐκ
521 666 616 711 οἶδε.
661 673 699 710 5.
724 671 876 723 πολλὴν
901 670 944 712 δὲ
970 670 1047 725 ἄρα
1071 674 1298 728 βραδυτῆτα
1328 674 1524 729 κατέγνως
1548 683 1618 730 τῆς

265 735 424 787 φήμης,
450 735 486 774 εἰ
509 733 700 788 ἀγνοοῦσι
725 742 846 776 ταῦτα
872 733 1013 794 ᾠήθης
1037 739 1218 792 γράφειν.
1261 738 1286 792 ἡ
1319 739 1361 780 δὲ
1392 741 1512 780 πάλαι
1544 753 1618 782 σου

263 801 337 853 τὴν
362 799 571 853 ἐπιστολὴν
596 800 707 854 ἔφθη
733 806 834 842 θεοῦ
859 818 898 843 τε
922 810 1084 857 πρᾶγμα
1107 811 1278 846 ποιοῦσα
1302 805 1368 846 καὶ
1393 805 1617 860 ὑποπτέρου

263 865 331 905 καὶ
356 865 405 906 οὗ
430 866 504 919 τὴν
529 865 679 920 ἀγοράν
704 882 746 920 γε
778 868 903 920 μόνον
933 867 1144 922 ἐνέπλησεν
1175 870 1310 924 αὐτῆς,
1336 868 1419 911 ἀλλ’
1448 870 1527 924 ἤδη
1551 872 1618 912 καὶ

211 947 246 972 ιο
265 931 320 980 εἰς
350 931 392 971 τὸ
425 932 624 984 βασίλειον
654 932 841 986 εἰσῆλθεν
872 931 1028 986 ἡδονὴν
1059 934 1236 988 φέρουσα
1274 940 1326 994 τῷ
1366 937 1524 990 βασιλεῖ
1552 937 1618 977 καὶ

263 997 410 1049 μάντει.
457 999 494 1036 6.
522 995 542 1037 ὁ
569 996 612 1038 δὲ
636 998 784 1052 χαίρων
807 997 1028 1053 ἐφθέγξατό
1048 1015 1087 1040 τε
1107 996 1171 1040 οἷα
1190 1001 1258 1041 τὸν
1277 999 1476 1056 ἡδόμενον
1500 1002 1618 1054 εἰκός,

264 1062 334 1102 καί
355 1063 394 1102 τί
417 1077 497 1103 που
522 1062 589 1103 καὶ
613 1061 726 1115 ’ἡμεῖς
750 1063 944 1117 παρόντες
967 1063 1194 1118 ἠκούσαμεν
1213 1065 1279 1106 καὶ
1299 1066 1560 1120 συνήσθημέν
1580 1083 1618 1108 τε

263 1126 330 1167 καὶ
356 1127 711 1182 συνεισηνέγκαμεν
735 1129 891 1183 κρότον,
919 1127 968 1170 ὃν
993 1129 1142 1179 ἐκεῖνός
1166 1146 1204 1170 τε
1230 1127 1312 1172 οἶδε
1331 1131 1466 1173 καὶσὺ
1487 1133 1618 1185 δήπου
1658 1152 1660 1155 ·

263 1193 464 1249 τεκμαίρῃ.

186 1283 240 1318 'w
267 1287 336 1318 710
920 1275 973 1318 ω’.

211 1374 245 1400 ιο
721 1365 789 1418 Τῷ
812 1361 948 1417 αὐτῷ.
1000 1370 1170 1417 (362s63)

327 1446 363 1482 1.
381 1440 533 1495 ’Ώιμην
557 1442 599 1484 σὲ
625 1443 702 1484 ὑπὸ
728 1450 798 1496 τῆς
824 1443 945 1498 ἀρχῆς
969 1445 1036 1485 καὶ
1054 1452 1133 1486 τῶν
1152 1446 1467 1500 περικεχυμένων
1492 1462 1621 1503 πραγ-

266 1509 399 1560 μάτων
425 1504 564 1550 οὐκέθ’
588 1508 732 1562 ὁμοίως
751 1509 910 1564 ἀγαθὸν
930 1510 1164 1553 ἐπιστέλλειν
1189 1509 1308 1553 εἶναι·
1329 1513 1378 1553 σὺ
1398 1511 1440 1553 δὲ
1459 1512 1535 1567 ἄρα
1553 1513 1620 1554 καὶ

264 1580 380 1614 τοῦτο
406 1574 586 1626 πράττεις
610 1574 769 1615 κάκεῖνο
794 1575 1004 1627 ἔφύλαξας.
1037 1576 1103 1630 ἐμὲ
1128 1585 1229 1631 γοῦν
1254 1578 1322 1619 τὸν
1341 1577 1461 1619 οὐδὲν
1479 1578 1573 1620 ἄλλο
1592 1578 1618 1632 ἣ

212 1654 246 1680 20
267 1640 473 1693 γράφοντα
493 1641 701 1693 νενίκηκας
727 1645 780 1698 τῷ
805 1641 963 1694 πλήθει.
1010 1646 1046 1683 2.
1072 1643 1115 1684 τὸ
1141 1642 1184 1684 δέ
1207 1659 1250 1698 γε
1269 1644 1408 1693 κάλλος
1427 1644 1528 1698 ἴσον,
1553 1644 1619 1684 καὶ

340 1778 383 1809 15
416 1775 483 1810 Vn
511 1773 558 1820 β’,
589 1773 684 1820 oqg'.
719 1775 773 1810 Va
797 1774 839 1818 ζ’,
865 1775 956 1820 ρπζῖ
1004 1777 1056 1812 Vo
1080 1775 1151 1822 (ζ’),
1186 1776 1277 1820 ρπζ.
1312 1778 1389 1814 Μο.
1416 1777 1462 1813 SI
1490 1777 1535 1823 γ’,
1561 1776 1619 1817 κε’

266 1822 304 1856 et
323 1831 358 1857 η
380 1821 421 1860 ε’.
447 1821 512 1867 ιβ’.
539 1823 615 1857 Ath

338 1954 360 1986 8
386 1952 507 1988 Amm.
528 1951 577 1987 M.
597 1951 717 1987 XVIII
736 1956 770 1996 6,
785 1958 816 1988 3.
846 1952 965 1988 Nonn.
987 1953 1095 1989 Dion.
1116 1953 1235 1989 XVIII
1258 1958 1287 1990 1.
1314 1954 1360 1990 cf.
1381 1956 1408 1990 t.
1428 1954 1462 1990 11
1480 1958 1561 1999 477,
1575 1958 1618 1996 23

265 1998 333 2034 V11
354 2002 441 2044 273,
468 2003 529 2042 16;
565 2010 621 2045 ep.
645 2003 712 2034 142
737 2012 773 2046 p.
797 2004 933 2045 140‚2;
959 2011 1016 2047 ep.
1038 2004 1107 2036 278
1131 2013 1167 2046 p.
1191 2005 1272 2045 2⁶3,
1289 2005 1350 2047 183
1383 2013 1440 2048 ep.
1462 2005 1530 2038 999

268 2050 311 2081 16
338 2046 481 2082 Sievere
506 2050 551 2082 88
577 2049 651 2083 not.
675 2051 737 2091 74ς
769 2051 855 2091 252,
877 2051 908 2083 6.
941 2047 1057 2084 Seeck
1085 2052 1163 2084 160.
1185 2052 1254 2084 396

340 2186 361 2218 3
387 2183 451 2231 ὡς]
482 2184 547 2219 καὶ
572 2184 604 2219 Γ
700 2189 721 2221 5
753 2183 870 2221 αὐτόν
897 2186 1011 2222 VaVo
1043 2186 1108 2221 sed
1139 2185 1179 2221 in
1210 2184 1305 2221 hoc’
1328 2183 1393 2222 in‘
1418 2196 1520 2229 corr,
1553 2186 1620 2222 Mo

268 2231 345 2266 Ath
390 2235 396 2276 Ι
440 2237 618 2267 κακεῖνον
642 2232 719 2269 Ath
749 2232 814 2268 sod
840 2245 884 2268 ον
916 2232 1015 2268 dilut
1087 2237 1108 2269 6
1134 2230 1238 2270 οἶδεν
1264 2235 1320 2270 Va
1388 2236 1408 2268 ⁷
1433 2233 1472 2279 ἡ]
1497 2232 1520 2279 ἣ
1547 2233 1576 2269 S

272 2281 293 2312 9
319 2278 435 2324 αὐτῆς
453 2278 542 2314 libri
570 2279 673 2315 Wolf
748 2283 793 2315 ιο
818 2274 936 2325 ἦλθεν
960 2281 1036 2316 Atta
1117 2285 1156 2316 ιι
1186 2279 1206 2316 ὁ
1231 2279 1286 2327 δὲ]
1318 2280 1374 2317 ὅτι
1399 2279 1442 2317 δὲ
1467 2281 1622 2317 VVaVo

269 2324 335 2360 sed
360 2325 400 2360 in
424 2325 496 2362 hoc
519 2339 555 2361 τι
580 2337 674 2371 eras,
699 2327 729 2363 S
762 2326 818 2363 ὅτι
844 2326 886 2363 δὲ
912 2328 978 2363 καὶ
1002 2329 1078 2364 Ath
1148 2333 1190 2363 12
1204 2327 1270 2364 καί
1292 2340 1367 2364 που
1392 2326 1429 2363 τί
1453 2328 1586 2365 VaAth

270 2375 314 2407 13
340 2370 476 2417 κρότον
501 2373 835 2421 σννεισηνέγκαμεν
846 2375 923 2411 Ath
956 2377 962 2421 Ι
1002 2374 1046 2412 ὃν
1071 2386 1130 2411 om
1150 2376 1216 2412 VS
1252 2377 1258 2420 Ι
1292 2372 1368 2411 εἶδε
1385 2376 1475 2412 VVo
1485 2375 1590 2412 Mos
1613 2376 1618 2420 Ι

261 2432 344 2455 «που
368 2421 398 2458 S
469 2425 512 2456 16
538 2423 692 2458 Γαῖανῶ
717 2422 780 2459 St!
865 2426 909 2457 17
935 2422 1009 2459 ὑπὸ
1034 2422 1166 2469 scripsi
1185 2434 1205 2459 e
1237 2423 1336 2460 VSJ.
1346 2433 1380 2459 11
1419 2423 1479 2459 ἐπὶ
1506 2423 1621 2459 VaVo

266 2468 339 2502 Mo
350 2468 423 2505 Ath
496 2472 542 2504 20
568 2466 649 2505 ἴσον
676 2470 730 2505 Va
739 2471 790 2506 Vo
806 2470 881 2506 Ath
905 2469 1013 2506 Wolf
