1806 2964
652 185 921 222 EPISTULAE
949 188 1091 222 49-60
1210 209 1213 211 >
1507 185 1567 227 49

186 299 372 355 ἐπηρείας
397 299 526 355 (τῆς)
545 300 612 341 διὰ
637 299 712 352 τὴν
738 299 959 352 μέλλουσαν
980 300 1146 352 κηδείαν
1165 299 1232 341 καὶ
1260 306 1336 340 νῦν
1355 299 1411 340 ἔτι
1436 303 1567 340 καθα-

187 368 360 423 ρώτερον
384 363 448 409 ἐπ’
469 366 606 416 ἀδείας
634 367 928 420 κατεστήσαμεν
953 365 1037 420 (ἢ)
1061 366 1255 420 πρότερον
1281 365 1487 423 Λῦξεντίῳ
1515 368 1567 422 τῷ

187 438 294 492 καλῷ
332 432 637 486 δείξαντες,.ὡς
667 432 853 488 ἀλγεινὸν
884 431 1004 486 ἡμῖν,
1035 433 1077 475 εἴ
1101 449 1138 474 τι
1170 433 1362 487 βιασθείη
1394 433 1566 485 Δόμνος.

190 501 257 542 καὶ
281 501 470 556 τυγχάνοι
500 515 543 555 γε
575 505 687 540 θεῶν
718 500 900 554 εὐμενῶν
931 498 1103 549 ἐκεῖνος,
1135 497 1181 549 ὃς
1214 498 1304 540 οὔτε
1337 499 1460 553 ἔφυγε
1491 499 1566 552 τὴν

185 569 301 622 χάριν
325 565 417 609 οὔτε
448 566 584 619 ἀηδῶς
608 566 742 608 ἔδωκε.
789 569 827 607 3.
855 573 932 607 νῦν
959 563 997 607 δ’
1020 565 1101 620 ἤδη
1126 565 1194 607 καὶ
1225 566 1326 620 πρὸς
1352 566 1566 607 Εὖθάλιον

185 635 256 676 τὸν
286 638 475 689 γενναῖον
506 633 763 686 πεποιήμεθα
802 633 944 688 λόγους
960 664 971 686 ,
1003 632 1076 683 οὓς
1107 633 1182 675 οὐκ
1214 632 1346 686 ἀφῆκε
1378 632 1567 687 γενέσθαι

185 701 363 755 μακροὺς
388 704 442 758 τῷ
465 700 565 755 πρὸς
590 700 665 753 τὴν
690 700 806 754 χάριν
831 700 947 754 τάχει.
984 706 1126 740 τοῦτον
1153 697 1196 740 δὲ
1221 700 1291 740 τὸν
1317 699 1478 754 ἀγαθὸν
1502 699 1565 754 γε’-

183 784 304 822 ροντα
330 766 407 808 κᾶν
432 766 731 822 ἀναγκάσαιμεν
757 766 854 820 ἤδη·
881 767 990 821 παρὰ
1009 766 1083 821 γὰρ
1103 774 1174 808 τοῦ
1195 770 1234 807 Γ
1229 768 1335 820 άμου
1362 765 1429 807 καὶ
1448 773 1565 808 τοῦτο

183 833 295 888 ἡμῖν,
320 833 364 884 ὃς
389 833 547 888 ἐκέρασε
572 833 619 874 τὰ
645 832 754 887 γένη.
796 837 834 874 4.
854 833 901 874 τὰ
928 832 1001 886 μὲν
1027 828 1103 874 οὖν
1129 834 1295 887 Δόμνου
1321 834 1422 887 πρὸς
1447 839 1564 874 τοῦτο

184 901 403 953 ἀσφαλείας
428 900 533 953 ἥκει·
560 900 629 941 τὸν
657 899 700 940 δὲ
727 900 893 952 ἥδιστον
924 899 1080 941 τουτονὶ
1115 899 1181 941 καὶ
1213 900 1356 941 καινὸν
1388 906 1458 953 τῆς
1489 906 1564 954 γῆς

183 975 255 1021 τῆς
279 967 469 1021 ὑμετέρας
494 968 612 1009 τόκον
640 966 730 1016 νέος
757 965 829 1020 μὲν
861 965 919 1008 ὢν
952 964 1086 1024 ᾔδειν,
1119 967 1186 1007 διὰ
1220 974 1375 1022 μακροῦ
1410 965 1451 1007 δὲ
1486 973 1565 1006 νῦν

186 1031 306 1076 εἶδον.
326 1033 393 1074 καὶ
414 1033 521 1083 ὅπως
543 1034 598 1087 μή
626 1049 672 1086 με
697 1033 844 1087 ταχέως
870 1034 1033 1091 ἐπιλίπῃ
1053 1034 1095 1074 τὸ
1117 1035 1262 1087 δῶρον,
1287 1034 1446 1086 πράττω
1478 1035 1565 1073 δια-

185 1100 471 1153 ταμιευόμενος
488 1101 556 1142 καὶ
574 1102 748 1143 κελεύων
769 1102 984 1152 φείδεσθαι
1003 1101 1098 1150 τοὺς
1124 1100 1288 1150 οἰκέτας.
1330 1103 1367 1142 5.
1395 1102 1499 1142 οὕτω
1523 1099 1571 1143 δὲ.

186 1166 234 1208 ὃν
247 1165 326 1220 ἡδὺ
346 1172 491 1222 φαγεῖν
510 1166 669 1220 ἡδίονος
690 1168 823 1222 ἔτυχεν
837 1167 892 1209 ἔτι
913 1174 993 1208 τῶν
1009 1168 1251 1222 γραμμάτων
1261 1165 1392 1220 (τοῦ)
1405 1167 1564 1222 μέρους,

182 1233 226 1275 ἐν
251 1225 357 1290 ᾧπερ
390 1234 501 1287 ἥκεις
527 1234 848 1289 ἴπποκένταυρόν
874 1251 965 1275 τινα
997 1234 1203 1283 συντιθεὶς
1225 1230 1423 1290 Ἀργεῖον,
1456 1233 1562 1275 οὐκῒ

180 1297 369 1355 Ἀργεῖον,
402 1300 533 1355 ὥσπερ
558 1300 736 1355 ἐγκαλῶν
762 1305 845 1350 τοῖς
872 1301 1044 1354 πρώτοις
1071 1299 1249 1353 τοῦνομα
1277 1300 1479 1354 θεμένοις,
1504 1301 1563 1342 ὅτι

254 1433 275 1465 2
301 1429 420 1466 Seeck
454 1434 499 1466 9⁴2
569 1435 590 1465 ε’)
628 1430 748 1467 Seeck
786 1434 855 1466 149
946 1434 988 1465 123
1027 1430 1123 1466 Plat.
1155 1429 1259 1466 Criti.
1290 1443 1327 1476 p.
1351 1430 1466 1466 111D

184 1482 227 1514 15
254 1477 349 1514 Plat.
370 1478 528 1514 Phaedr.
550 1491 585 1525 p.
608 1483 678 1515 229
689 1478 733 1514 D.
761 1479 849 1515 Luc.
877 1479 1045 1515 Hermot.
1068 1483 1125 1514 72.
1158 1479 1278 1515 Prom.
1310 1479 1349 1514 in
1384 1479 1482 1515 verb.
1505 1484 1526 1514 5
1556 1482 1560 1524 Ι

183 1526 291 1563 Diod.
320 1526 355 1563 S.
375 1526 428 1562 IV
457 1531 500 1563 12
583 1531 625 1562 16
652 1527 741 1563 Eur.
771 1527 831 1563 Or.
855 1532 924 1563 904

256 1665 273 1697 1
307 1665 397 1706 τῆς
409 1661 552 1697 inserui
609 1673 671 1697 om
698 1660 787 1697 libri
819 1661 895 1698 edd
942 1660 948 1709 Ι
995 1660 1048 1697 ἔτι
1084 1673 1145 1696 0111
1181 1662 1212 1697 V
1309 1667 1329 1696 2
1364 1660 1385 1707 ἦ
1421 1662 1562 1698 inserui

185 1710 340 1746 auctore
365 1710 420 1746 Re
471 1720 532 1745 om
557 1709 647 1745 libri
673 1709 748 1746 odd
823 1714 844 1745 4
870 1709 1049 1757 τυγχάνει
1085 1709 1129 1745 Vr'
1150 1712 1155 1755 Ι
1177 1712 1274 1746 θεοῦ
1302 1711 1483 1757 εὐμενοῦς
1507 1711 1537 1747 S

186 1761 208 1793 5
234 1757 315 1794 οὔτ’
363 1758 413 1795 Υο
429 1759 475 1818 Vi
499 1770 545 1805 pr
586 1759 591 1805 Ι
640 1759 774 1800 ἀοιδὸς
799 1758 829 1795 S
866 1759 872 1805 Ι
916 1758 1060 1795 ἔδωκεν
1099 1759 1134 1794 V
1182 1758 1188 1806 Ι
1235 1757 1272 1796 δ’
1309 1770 1371 1795 0111
1403 1759 1492 1796 SVi
1522 1761 1563 1795 δὲ

188 1805 294 1841 Wolf
364 1809 383 1841 7
410 1806 479 1853 τὴν
512 1806 653 1844 inserui
686 1818 706 1842 e
740 1807 775 1842 V
806 1818 868 1842 om
905 1806 1050 1844 VoSVi
1082 1807 1155 1842 edd
1231 1813 1253 1842 8
1279 1807 1564 1854 ἀναγκάσαιμεν

183 1854 317 1914 scripsi
343 1867 363 1890 e
394 1855 487 1891 VVo
514 1855 580 1891 sed
607 1869 649 1891 αι
675 1866 719 1891 ex
740 1869 777 1891 οι
797 1866 880 1891 corr
906 1855 1024 1892 VIo’
1049 1855 1331 1902 ἀναγκάσοιμεν
1356 1855 1446 1892 SVi
1464 1856 1560 1903 edd!

180 1901 287 1948 παρὰ
313 1913 333 1938 e
352 1904 439 1948 περὶ
459 1915 543 1940 corr
570 1904 639 1941 Vo²
686 1906 691 1950 Ι
738 1903 871 1950 Γάμου
891 1904 1025 1950 scripsi
1077 1903 1199 1950 γάμου
1219 1903 1309 1941 libri
1334 1905 1410 1940 edd
1436 1905 1482 1941 cf.
1503 1916 1562 1951 ep.

185 1954 252 1988 185
279 1952 318 1988 ot
343 1953 392 1987 sd
417 1954 444 1987 t.
467 1952 517 1988 VI
537 1956 619 1997 516,
639 1958 678 1988 11
782 1956 802 1987 9
829 1953 936 1999 τὰ(1)
971 1952 1106 1999 scripsi
1132 1953 1182 1988 τὼ
1204 1953 1236 1987 1
1260 1952 1326 1989 sed
1359 1964 1380 1989 e
1404 1959 1455 1989 τῶ
1482 1965 1565 1989 corr

183 2000 251 2045 111⁴,
284 2000 331 2036 Vi
356 1999 464 2037 Wolf
493 2007 544 2037 τῶ
567 2002 618 2038 Υο
645 2001 712 2037 sed
778 2012 893 2048 supra.
956 2001 1013 2036 ω’
1044 2004 1095 2048 τῷ
1127 2001 1156 2037 S
1186 2013 1233 2048 pr
1268 2002 1274 2049 l
1302 2001 1403 2047 γένει
1426 2002 1476 2039 l‘o
1496 2003 1563 2038 sed

182 2062 206 2094 η
238 2059 355 2095 supra
391 2048 460 2092 m'
486 2049 567 2086 SVi
611 2049 735 2086 dualis
770 2051 990 2087 neutrorum
1026 2050 1065 2085 in
1099 2063 1140 2091 ος
1173 2049 1428 2086 desinentium
1461 2051 1562 2097 apud

181 2096 383 2133 Libanium
409 2097 516 2134 deest
537 2100 543 2144 1
564 2096 639 2144 πρὸ
665 2103 732 2134 τοῦ
758 2098 788 2135 S
819 2104 824 2141 Ι
859 2095 964 2135 τοῦτ’
1002 2099 1047 2134 Vi
1129 2102 1174 2134 10
1201 2098 1249 2135 δὲ
1287 2098 1355 2134 μὲν
1381 2097 1452 2136 οὖν
1477 2099 1506 2136 S

186 2150 226 2181 11
254 2142 309 2182 ων
328 2146 365 2181 V
385 2146 451 2182 sed
479 2158 562 2182 corr
579 2147 637 2182 m⁴
658 2148 664 2193 1
686 2152 834 2193 μακροῦ
859 2147 893 2182 V
906 2147 973 2183 sed
993 2152 1039 2182 οῦ
1059 2147 1099 2182 in
1119 2157 1182 2182 ras
1201 2159 1239 2182 m
1316 2151 1359 2183 12
1381 2147 1474 2193 ὅπερ
1494 2152 1560 2194 pr!

187 2191 356 2241 ἐπιλείπῃ
384 2195 438 2231 Υο
463 2194 537 2231 edd
563 2193 747 2231 ἐπιλείπει
766 2194 796 2231 S
809 2196 854 2232 Vi
900 2198 906 2241 Ι
954 2194 1292 2242 διαταμιιυόμενος
1310 2195 1457 2257 scripsi
1485 2208 1507 2233 e
1534 2198 1567 2232 V

183 2242 250 2278 eod
275 2207 356 2278 διαῃ
361 2241 424 2278 del
449 2243 518 2288 m³‚
545 2244 693 2280 VoSVi
723 2243 997 2290 ταμιευόμενος
1035 2243 1109 2279 edd
1205 2247 1249 2280 18
1281 2242 1327 2280 οὗ
1362 2244 1396 2280 V
1424 2245 1491 2281 aed
1522 2246 1562 2280 in

183 2288 279 2327 οὕτω
314 2301 397 2327 corr
430 2292 488 2327 111ὃ
562 2297 608 2328 14
633 2306 688 2337 φυ
714 2298 770 2328 εῖν
804 2293 840 2329 V
869 2292 936 2328 sed
962 2305 985 2327 v
1016 2292 1057 2327 in
1083 2306 1108 2327 α
1134 2303 1217 2328 corr
1240 2293 1297 2328 m⁶
1318 2298 1325 2337 Ι
1347 2293 1402 2330 ἔτι
1426 2294 1560 2339 scripsi

182 2340 336 2375 auctore
370 2339 425 2375 Re
450 2341 512 2377 ἐπὶ
539 2340 628 2377 libri
654 2351 675 2377 e
705 2340 729 2375 d
764 2342 770 2387 Ι
796 2346 865 2377 τοῦ
896 2341 1039 2377 inserui
1066 2352 1154 2377 cum
1179 2340 1234 2377 Re
1284 2352 1345 2378 om
1371 2341 1459 2378 libri
1486 2342 1559 2377 edd

227 2390 268 2423 15
294 2383 393 2447 ᾧπερ
423 2387 527 2435 ἥκεις
552 2389 688 2436 scripsi
715 2385 745 2437 ᾧ
773 2388 939 2437 περιῄεις
970 2389 1060 2425 libri
1094 2389 1171 2425 edd
1199 2386 1322 2438 ,,ᾧπερ
1354 2389 1457 2437 ἥκεις
1494 2397 1561 2427 aut

182 2432 212 2484 ᾧ
234 2434 424 2520 uszffiugd
457 2436 513 2473 Re
596 2441 639 2472 16
665 2438 829 2482 πρώτοις
867 2438 903 2473 Υ
930 2438 996 2473 ned
1023 2451 1080 2480 οις
1105 2438 1144 2473 in
1176 2451 1226 2480 ως
1257 2449 1341 2474 σοι-1·
1371 2439 1430 2474 m⁵
1460 2441 1560 2485 πρώ-

182 2497 253 2525 τως
303 2495 324 2519 O
348 2494 370 2520 0

1588 921 1620 946 10

1585 1254 1618 1280 15
