1806 2964
690 225 930 263 EPISTULA
953 230 1025 263 405
1208 200 1210 202 ¹
1458 225 1544 270 401

173 340 390 396 ἐγνωκότες
413 339 704 392 ἀναισχυντεῖν,
727 334 832 393 ἦσαν
858 338 901 381 δὲ
919 343 1022 394 τρεῖς
1041 337 1130 380 ἀντὶ
1153 338 1346 394 τραπέζης
1364 342 1549 394 λαμπρᾶς

175 406 220 448 οἴ
239 412 355 447 τοῦτο
383 412 609 458 ποιοῦντες,
632 404 834 447 ἐνέδοσαν.
887 407 955 447 10.
980 403 1058 460 ἐγὼ
1090 403 1164 458 μὲν
1198 399 1273 447 οὖν
1307 404 1548 458 άναπαύλης

177 471 362 526 ἐδεόμην,
394 475 448 528 τῷ
477 472 578 530 θείῳ
614 470 656 513 δὲ
691 469 814 513 οὐδὲν
847 469 926 526 ἄρα
950 469 1075 526 ἤρκει.
1125 470 1193 512 καὶ
1216 473 1400 526 Κυρῖνος
1425 469 1470 512 δὲ
1493 466 1548 524 ἦν

181 544 262 580 τῶν
286 537 361 579 οὐκ
385 536 580 579 ἀνιέντων
604 533 700 593 παρ’
728 535 828 590 ἡμῖν
851 553 891 579 τε
916 536 1018 591 ἔχων
1041 537 1112 578 τὸν
1137 536 1229 579 υἱὸν
1254 536 1323 578 καὶ
1353 537 1547 591 μιμούμε-

176 618 246 653 νος
271 601 314 644 σὲ
340 601 412 656 μὲν
443 603 500 652 εἰς
529 601 655 656 τάμά,
687 602 753 656 ἐμὲ
785 602 828 645 δὲ
859 603 918 653 είς
947 603 994 644 τὰ
1021 603 1083 645 σά.
1131 606 1200 644 11.
1225 602 1469 658 ἀγωνίζομαι
1494 603 1546 657 δή

176 685 267 711 τινα
291 668 428 724 ἀγῶνα
458 675 539 710 τῶν
563 668 609 711 ἐν
631 673 716 718 τοῖς
746 670 948 723 πλάσμασι
982 670 1157 723 τούτοις,
1194 670 1238 711 οἱ
1268 668 1312 711 δὲ
1345 667 1547 724 ὠρχοῦντο

173 736 242 777 ἅττ
265 734 311 777 ἐν
329 735 466 785 αὐτοῖς
489 734 757 791 τεθραμμένοι
782 735 850 777 καὶ
874 735 1031 778 ἐδέοντό
1057 751 1136 790 μου
1161 735 1262 777 κατὰ
1286 734 1408 789 μέσον
1431 750 1547 790 γενο-

174 800 300 855 μένου
324 801 395 844 τὸν
420 801 540 856 λόγον
575 801 671 855 μετὰ
704 808 776 856 τῆς
810 802 900 855 ἴσης
933 801 1073 856 τέχνης
1106 801 1175 843 καὶ
1208 801 1282 855 τὴν
1316 801 1546 856 ἀντιλογίαν

173 868 356 922 γράφειν.
387 866 454 908 καὶ
479 868 640 922 γράψας
658 867 839 921 ἐπῆλθον
865 869 925 910 ὅτι
949 869 1122 923 τάχιστα.
1153 868 1221 909 καὶ
1245 863 1299 922 ἦν
1323 867 1499 921 ἀδελφὸς
1524 867 1546 910 ὅ

177 933 294 989 λόγος
327 939 400 974 τοῦ
425 933 620 989 προτέρου
655 934 722 976 καὶ
757 934 990 977 διεσέσειστο
1014 941 1094 977 τῶν
1117 937 1320 988 πολεμίων
1344 935 1392 976 τὰ
1417 936 1544 991 πράγ-

175 1015 290 1053 ματα.
332 1003 399 1040 12.
426 1000 559 1048 δείσας
586 998 628 1040 δὲ
654 999 710 1054 μὴ
734 1002 970 1055 γυμνωθείη
995 1001 1156 1055 εἰσῆλθε
1182 1000 1255 1054 μὲν
1280 1000 1334 1051 ὡς
1359 1000 1546 1051 καθέξων

172 1065 244 1115 τὰς
268 1065 516 1119 ἀποστάσεις,
541 1065 699 1119 ἐκίνησε
726 1065 768 1108 δὲ
793 1066 861 1108 καὶ
885 1066 955 1116 τὰς
974 1066 1051 1108 οὐκ
1074 1066 1140 1120 ἄν,
1165 1067 1273 1121 εἴπερ
1299 1067 1424 1122 ἐσίγα,
1443 1079 1545 1121 συμ-

173 1131 312 1185 βάσας.
361 1131 406 1173 ἐν
439 1131 516 1187 γὰρ
541 1136 624 1181 τοῖς
656 1133 886 1188 προοιμίοις
919 1132 1044 1176 ἐδεῖτο
1069 1132 1274 1187 ἐφεθῆναί
1305 1133 1412 1174 οἵτὸ
1437 1132 1546 1183 τέλος

171 1199 312 1252 εἰπεῖν,
337 1199 521 1252 Κυρίνου
546 1196 590 1239 δὲ
615 1198 665 1240 οὗ
691 1199 873 1249 διδόντος
898 1199 1134 1254 ὑπερπηδᾶν
1152 1199 1273 1248 αὐτὸς
1299 1199 1407 1256 αὐτῷ
1426 1206 1544 1241 τοῦτο

171 1263 305 1306 ἔδωκε.
354 1263 423 1305 καὶ
447 1260 518 1304 ἀπ’
547 1262 702 1317 ἐκείνης
726 1271 798 1319 τῆς
822 1263 972 1320 ἡμέρας
996 1265 1173 1319 κάθηται
1199 1266 1339 1319 μόνος,
1363 1266 1475 1321 ὅρκοι
1500 1264 1544 1307 δὲ

171 1330 240 1372 καὶ
273 1329 445 1385 ἀνάγκαι
478 1338 604 1371 πᾶσαι
637 1330 705 1372 καὶ
739 1331 878 1385 δεσμοὶ
910 1331 979 1373 καὶ
1010 1332 1083 1372 ὅσα
1107 1331 1329 1373 ἐπιστεύετο
1354 1332 1544 1386 τηρήσειν

170 1395 265 1445 τοὺς
289 1395 420 1445 νέους.
439 1395 615 1438 ἐπατεῖτο
635 1395 703 1438 καὶ
722 1396 935 1453 μετέρρεεν.
980 1400 1047 1440 13.
1073 1397 1139 1440 ἐπὶ
1156 1399 1314 1447 τούτοις
1333 1399 1543 1454 γράμματα

244 1481 263 1512 1
291 1477 339 1512 cf.
359 1487 417 1523 cp.
438 1480 518 1512 604.
540 1479 608 1512 561
671 1479 692 1511 3
719 1476 836 1513 Seeck
863 1482 930 1513 251
991 1483 1014 1514 4
1040 1477 1275 1514 Honoratum
1337 1482 1382 1514 10
1402 1478 1543 1527 [Dem]

172 1524 267 1560 Phil.
286 1536 346 1570 cp.
364 1536 401 1570 p.
425 1527 505 1570 154,
520 1528 564 1560 12

244 1649 263 1682 1
279 1592 634 1692 ffczfftgkaevggtzvS
652 1647 659 1692 Ι
681 1645 764 1682 ἀντὶ
782 1666 825 1673 -
845 1648 1022 1692 λαμπρᾶς
1046 1657 1107 1682 om
1129 1647 1176 1683 Vi
1250 1651 1271 1682 2
1298 1645 1481 1684 ἐνέδοσαν
1510 1649 1545 1684 V

170 1693 238 1729 sed
263 1692 282 1730 ἐ
300 1704 346 1730 ex
366 1695 390 1730 ἀ
415 1704 498 1730 corr
522 1693 578 1728 m⁶
599 1699 605 1739 Ι
628 1697 649 1728 2
676 1693 746 1740 ἐγὼ
761 1715 805 1720 -
822 1698 844 1730 3
871 1694 1030 1741 ἐδεόμην
1056 1695 1273 1741 praemissis
1293 1695 1420 1731 verbis
1445 1696 1540 1732 ἀνά-

170 1743 296 1778 παυλα
321 1741 344 1788 ἡ
370 1741 596 1783 ἀνάπαυσις.
628 1741 812 1790 Λιβάνιος
835 1743 877 1779 ἐν
902 1744 1076 1790 ἐπιστολῇ
1101 1749 1165 1791 τῇ·
1192 1744 1271 1780 Καὶ
1297 1743 1540 1790 ὅτε-ἠκού-

171 1802 263 1835 ομεν
282 1789 378 1826 citat
396 1789 561 1826 Thomas
581 1789 682 1836 Mag.
702 1802 730 1827 s.
745 1802 778 1827 v,
798 1790 1003 1827 ἀνάπαυλα
1022 1803 1058 1838 p.
1080 1794 1138 1836 35,
1154 1795 1196 1827 17
1213 1791 1247 1827 R
1305 1795 1327 1827 2
1346 1790 1451 1838 κάγὼ
1471 1791 1540 1838 μὲν

171 1838 394 1884 ἀναπαύλης
416 1837 538 1875 Thom
610 1843 633 1874 4
659 1837 844 1875 ἀνιέντων
869 1839 1003 1886 scripsi
1029 1850 1050 1876 o
1077 1840 1111 1877 V
1126 1840 1194 1876 scd
1213 1854 1236 1876 ν
1262 1850 1282 1875 e
1309 1853 1338 1886 φ
1364 1851 1448 1876 corr
1472 1841 1541 1885 ω’,

170 1885 200 1922 S
211 1886 258 1923 Vi
294 1885 485 1933 ἀφιέντων
510 1886 567 1922 Va
576 1886 628 1923 Vo
637 1887 783 1923 VindD
808 1887 884 1923 edd
911 1889 918 1934 Ι
944 1887 1177 1934 μιμούμενόν
1203 1887 1322 1924 Lamb
1348 1887 1444 1924 Rich

170 1938 192 1968 5
216 1932 318 1980 τάμά
342 1934 477 1981 scripsi
502 1945 522 1970 e
549 1935 585 1970 V
611 1934 678 1970 scd
703 1934 743 1970 in
769 1935 817 1971 τὰ
841 1935 913 1981 ἐμὰ
938 1947 1021 1972 corr
1045 1936 1114 1982 ω’,
1139 1936 1169 1972 S
1175 1937 1223 1973 Vi
1250 1935 1299 1972 τὰ
1324 1936 1396 1982 ἐμὰ
1424 1937 1542 1973 VaVo

180 2018 325 2054 VindD
349 2018 423 2054 edd
445 2020 452 2066 Ι
473 1995 523 2062 δξὶ
541 2018 571 2056 S
641 2022 662 2054 6
687 2025 764 2056 τῶν
784 2020 819 2055 V
839 2020 906 2056 sed
925 2031 946 2056 e
964 2020 1033 2057 τὸν
1057 2031 1142 2056 con·
1166 2021 1223 2056 m⁴
1247 2019 1315 2056 τὸν
1343 2020 1389 2057 Vi
1440 2023 1460 2056 ‘1
1486 2035 1540 2067 γι-

172 2064 335 2111 νομένου
359 2067 400 2102 D
459 2070 481 2103 8
505 2065 574 2103 τὸν
590 2066 703 2114 λόγον
724 2067 841 2103 Vsed
864 2078 886 2104 e
911 2081 932 2104 τ
950 2070 1016 2115 loy
1042 2079 1125 2105 corr
1149 2068 1207 2104 m’
1232 2070 1271 2104 ot
1297 2068 1313 2088 ⁴
1376 2071 1397 2103 9
1422 2069 1541 2115 ἀπῆλ-

169 2116 246 2150 θον
271 2113 391 2150 Lamb
416 2114 513 2151 Rich
573 2119 616 2151 11
644 2115 795 2162 εἰσῆλθε
814 2114 884 2162 μὲν
901 2116 1053 2163 reposui
1072 2127 1093 2152 c
1111 2116 1220 2152 libris
1239 2116 1417 2164 εἰσῆλθεν
1441 2117 1515 2153 cdd
1532 2117 1538 2166 Ι

169 2160 345 2205 καθέξων
373 2163 471 2199 Vina
504 2163 571 2200 sed
603 2177 626 2199 ν
655 2164 759 2200 inser
834 2168 878 2200 12
903 2164 1127 2206 ὑποστάσεις
1156 2176 1203 2201 ex
1227 2164 1419 2201 Holstenii
1451 2176 1541 2202 con-

170 2210 316 2246 iectura.
345 2209 464 2246 Lamb
496 2210 593 2247 Rich
692 2216 737 2248 13
763 2211 806 2249 ἐν
831 2233 876 2239 -
905 2217 948 2249 15
981 2213 1099 2249 ἔδωκε
1132 2212 1173 2248 in
1207 2224 1318 2260 marg
1341 2213 1372 2250 S
1405 2224 1468 2249 om
1495 2214 1542 2250 Vi

220 2261 265 2294 13
290 2258 310 2295 ἑ
342 2257 484 2305 εθῆναί
507 2259 644 2306 scripsi
675 2259 750 2297 coll
775 2261 802 2296 t.
822 2260 839 2296 Ι
858 2264 942 2306 472,
957 2266 999 2297 17
1039 2260 1102 2308 ἐμὲ
1128 2259 1281 2307 φθῆναί
1305 2260 1396 2297 libri
1422 2261 1540 2298 Lamb

172 2304 267 2342 Rich
342 2306 400 2342 olf
438 2307 530 2354 ἐμοῦ
555 2306 706 2353 ἐφεῖναί
731 2308 785 2345 Re
860 2313 906 2344 14
931 2307 1066 2351 δόντος
1089 2309 1130 2345 D
1163 2311 1170 2352 Ι
1192 2310 1295 2359 αὐτῷ
1321 2310 1354 2346 V
1375 2310 1450 2346 ted
1466 2308 1478 2322 '
1499 2309 1540 2346 in

166 2351 176 2364 ‘
201 2364 283 2390 corr
307 2354 374 2398 ω’,
415 2355 470 2391 Va
480 2356 532 2392 Vo
564 2355 682 2392 Lamb
709 2356 804 2392 Rich
829 2356 940 2393 Wolf
961 2359 968 2402 1
1001 2354 1104 2394 τοῦτ’
1138 2357 1235 2394 Vind
1329 2360 1373 2393 16
1399 2357 1541 2396 ἔδωκεν

179 2401 234 2438 Va
308 2406 351 2438 17
379 2401 490 2445 νέους
515 2404 551 2440 V
576 2403 644 2440 sed
670 2418 737 2446 ους
759 2404 800 2440 in
825 2417 886 2441 ras
911 2405 969 2441 m¹⁵
1012 2405 1020 2453 Ι
1059 2404 1254 2451 μετέρρεεν
1285 2405 1421 2452 scripsi
1446 2417 1467 2442 e
1494 2406 1542 2442 Vi

168 2460 255 2485 cum
281 2450 336 2486 Re
367 2450 564 2497 μετέρρεον
594 2451 731 2498 reliqui
755 2451 845 2489 libri
877 2453 952 2490 edd
983 2452 1185 2499 κατέρρεεν
1216 2454 1303 2489 coni
1332 2453 1540 2490 Dorvillius

169 2495 293 2542 (Wolf
308 2499 395 2534 Add
414 2502 500 2545 862)
517 2499 563 2535 cf.
582 2501 607 2535 t.
621 2499 672 2536 m
693 2503 776 2546 398,
791 2504 847 2537 17.
868 2500 974 2537 Dem.
992 2500 1049 2538 01.
1065 2501 1098 2537 11
1111 2505 1248 2547 p.21,4

1564 949 1600 974 10

1563 1278 1598 1305 15
