1806 2964
724 210 966 248 EPISTULA
990 214 1058 247 τοι
1243 239 1246 242 .
1500 208 1590 252 239

209 327 373 378 καινόν,
405 327 448 370 τὸ
481 325 538 381 μὴ
569 326 664 375 τοὺς
689 324 908 380 συνέδρους
933 323 1002 366 ὑπ’
1022 323 1142 366 ἐνίων
1167 324 1463 380 σπαράττεσθαι
1487 321 1590 377 μηδὲ

208 394 303 444 τοὺς
333 393 406 448 μὲν
437 393 482 436 ἐν
511 392 618 450 γήρᾳ
651 395 835 433 τελευτᾶν
869 391 919 433 οὐ
951 391 1320 447 λελειτουργηκότας
1352 390 1477 431 πάλαι
1509 396 1590 430 τῶν

211 457 298 516 παρ’
321 461 420 515 ὑμῖν
444 459 616 516 ἀγαθῶν
641 457 886 513 μετέχοντας,
911 458 1005 507 τοὺς
1026 458 1051 499 δ
1056 457 1067 476 '
1088 455 1202 499 οὔπω
1220 455 1485 513 γεγευμένους
1508 462 1589 498 τῶν

208 523 298 583 παρ’
321 527 420 583 ὑμῖν
444 526 614 583 ἀγαθῶν
639 524 768 575 εὐθὺς
793 523 873 567 ἀπὸ
898 531 1084 580 γραμμῆς
1103 523 1248 579 ἀλγεῖν.
1287 524 1324 565 εἰ
1339 522 1415 579 γὰρ
1436 522 1492 577 μὴ
1511 529 1589 564 νῦν

206 599 331 637 ταῦτα
362 594 419 644 εἰς
450 594 562 643 τάξιν
593 591 727 645 ἔλθοι,
757 587 846 633 πότ’
869 590 922 632 ἂν
952 591 1086 642 &moa
1121 593 1188 633 13.
1215 590 1350 632 δεινὸν
1382 591 1504 644 φήσει
1528 605 1587 639 τις

209 657 313 703 εἶναι
342 661 386 703 τὸ
419 660 474 715 μὴ
508 659 685 714 βαδίζειν
715 657 843 702 ἐκεῖσε
869 657 965 707 τοὺς
988 656 1342 713 ἐγγεγραμμένους.
1386 656 1454 698 καὶ
1477 657 1588 698 πάνυ

209 743 264 783 γε,
289 728 326 769 εἰ
349 727 405 782 μὴ
431 727 474 769 τὸ
499 726 658 768 κωλύον
684 725 758 778 εἴη.
790 721 874 766 ἀλλ’
898 724 920 766 ὅ
938 739 982 780 γε
997 720 1228 777 Ὀλύμπιος,
1247 722 1299 765 ἂν
1317 724 1447 765 ἐκεῖνο
1469 723 1588 777 ποιή-

209 807 275 852 σῃ,
301 794 448 850 μητρὸς
473 791 612 849 γέγονε
636 788 849 847 προδότης.
886 789 912 844 ἡ
940 789 983 833 δὲ
1008 797 1134 846 γραῦς
1158 806 1198 832 τε
1223 790 1335 832 πάνυ
1355 789 1423 831 καὶ
1441 789 1586 831 ἐπιθυ-

208 866 279 914 μεῖ
302 868 375 903 τοῦ
406 860 551 909 παιδὸς
583 856 787 912 ἁπτομένη
818 857 893 911 τὴν
918 857 1057 912 ψυχὴν
1083 856 1257 911 ἀφεῖναι.
1297 856 1364 898 καὶ
1388 856 1540 910 ταύτην
1565 854 1588 896 ὅ

208 927 264 981 μὴ
291 927 388 978 δοὺς
411 927 486 981 τὴν
510 927 626 981 χάριν
650 923 903 979 ἀσεβέστερος
922 920 1198 977 Ἱππομένους.
1233 923 1308 978 τήν
1327 938 1368 964 τε
1388 918 1464 965 οὖν
1481 923 1584 977 γνώ-

209 1010 292 1049 μην
317 994 544 1049 θαυμάζοις
568 991 620 1032 ἂν
646 990 806 1040 εἰκότως
831 989 899 1031 καὶ
917 996 997 1031 τῶν
1017 989 1066 1032 οὐ
1087 991 1255 1032 δικαίων
1274 989 1470 1038 ἆπολύοις
1488 988 1586 1030 ἀνα-

208 1062 411 1116 λωμάτων.

280 1196 303 1229 4
330 1192 532 1229 Salzmann
558 1196 604 1229 65
682 1196 726 1228 10
752 1191 864 1240 Diog.
884 1204 988 1239 prov.
1009 1192 1061 1228 111
1082 1197 1114 1229 1.
1142 1191 1344 1228 Salzmann
1371 1196 1416 1228 29

283 1319 302 1351 1
328 1312 371 1352 τὸ
398 1316 488 1351 anto
513 1314 652 1351 καινόν
680 1313 787 1350 Wolf
826 1312 950 1350 delevi
978 1315 984 1358 Ι
1011 1327 1086 1350 now
1112 1314 1170 1350 Be
1194 1313 1262 1350 sed
1287 1327 1313 1349 α
1338 1313 1380 1349 in
1405 1324 1467 1349 ras
1492 1312 1551 1349 m⁸
1575 1313 1583 1361 2

208 1368 276 1400 τοῦ
312 1362 363 1411 μὴ
401 1369 470 1400 τοῦ
503 1364 561 1400 Be
611 1363 618 1409 Ι
670 1362 720 1408 μὴ
752 1363 795 1399 δὲ
822 1362 1042 1400 VVaVoBe
1140 1366 1161 1398 2
1192 1361 1313 1398 πάλαι
1337 1373 1401 1398 om
1431 1362 1489 1399 Be

209 1415 230 1448 3
257 1412 346 1458 ὑμῖν
371 1411 506 1457 scripsi
532 1422 554 1447 e
580 1410 778 1448 VVaVoS
801 1421 887 1446 eum
908 1409 1095 1447 Sieversio
1113 1409 1270 1447 Seeckio
1319 1409 1411 1457 ἡμῖν
1437 1410 1494 1447 Be
1519 1410 1586 1446 sed

207 1473 231 1506 η
256 1460 298 1496 in
322 1471 384 1496 ras
409 1459 477 1505 ω’,
503 1459 614 1496 Wolf
706 1462 730 1494 4
755 1459 845 1506 ’ὑμῖν
881 1458 1036 1505 reposui
1067 1469 1088 1494 e
1119 1458 1227 1495 libris
1259 1470 1345 1495 cum
1377 1458 1538 1495 Seeckio

207 1507 299 1555 ἡμῖν
309 1507 419 1545 Wolf
437 1511 443 1552 Ι
466 1507 720 1556 ἀπογραμμῆς
732 1508 789 1544 Be
846 1511 867 1544 ὅ
883 1507 1185 1554 ἔλθη(1)7708
1205 1508 1210 1553 Ι
1233 1506 1345 1553 φήσει
1365 1518 1386 1544 e
1405 1506 1484 1554 φὴσ
1503 1518 1586 1543 corr

210 1556 285 1594 Be¹
335 1561 355 1593 '1
375 1559 523 1594 κωλῦον
542 1557 640 1594 SBe-
649 1557 811 1592 fortasse
830 1558 933 1592 recte
959 1557 1001 1592 af.
1014 1555 1061 1592 cf.
1083 1566 1141 1602 ep.
1160 1559 1242 1592 ⁴025.
1257 1559 1339 1592 941.
1359 1555 1414 1592 t.1
1430 1558 1584 1601 166‚13;

207 1641 344 1687 11399,
361 1645 405 1678 12
428 1644 435 1688 Ι
456 1639 611 1684 ἐκείνως
635 1641 704 1679 VS
739 1641 883 1687 ἐκεινος
909 1641 966 1677 Va
1003 1618 1149 1682 ἐκεῖναόὲ·
1181 1640 1233 1677 Vo
1308 1643 1329 1676 8
1354 1640 1439 1688 ὴ-
1455 1643 1476 1676 9
1495 1653 1584 1676 παι-

208 1690 276 1733 δὸς
300 1701 361 1726 om
388 1691 445 1727 Bc
484 1693 560 1727 8τε
585 1689 728 1727 inserui
754 1701 776 1726 θ
800 1689 910 1726 libris
954 1701 1016 1725 om
1042 1688 1152 1725 Wolf
1198 1692 1243 1725 10
1269 1687 1504 1736 ἱππομένους
1527 1688 1586 1724 Be

205 1738 274 1775 sod
299 1738 393 1776 ἱππο
419 1740 461 1774 in
487 1750 551 1775 ras
576 1738 634 1774 m'
709 1743 751 1774 11
780 1738 958 1780 ἀπολύεις
986 1738 1022 1775 V

283 1863 328 1895 10
349 1857 576 1905 Ἱππομένης
602 1856 815 1904 Ἀθηναίων
847 1857 993 1905 ἄρχων,
1027 1855 1069 1900 ὃς
1103 1856 1251 1901 ἐξέπεσε
1281 1861 1346 1902 τῆς
1378 1857 1497 1904 ἀρχῆς
1522 1855 1580 1894 δι’

209 1905 340 1945 αἰτίαν
370 1907 562 1954 τοιαύτην.
602 1903 648 1952 ἦν
681 1907 784 1956 αὐτᾷ.
816 1906 1011 1953 θυγάτηρ,
1046 1904 1184 1952 ἥντινα
1219 1911 1295 1942 τῶν
1327 1906 1450 1942 ἀστῶν
1481 1919 1585 1947 τινος

207 1955 460 2003 αἰσχύναντος
496 1955 624 2001 λάθρα
663 1953 737 1992 ὑπὸ
769 1960 838 2001 γῆς
868 1952 947 2001 (ὑπ’
983 1954 1097 2002 ὀργῆς
1134 1953 1254 2001 Suid.)
1293 1954 1499 1999 καθεῖρξεν
1530 1954 1584 1996 εἰς

208 2003 348 2051 οἴκημα
373 2003 492 2050 δήσας
525 2004 595 2041 σὺν
621 2002 725 2052 ἵππῳ
756 2004 823 2039 καὶ
853 2002 1001 2049 τροφὴν
1033 2001 1219 2050 οὐδετέρῳ
1245 2000 1349 2049 (οὐδὲ
1377 2002 1488 2051 ἑτέρῳ
1515 2003 1585 2048 Be)

205 2052 413 2099 εἰσέπεμπε.
453 2052 624 2094 πιεσθεὶς
649 2049 719 2088 οὖν
746 2054 840 2098 λιμῶ
865 2053 995 2099 (λοιμῷ
1023 2052 1094 2098 Be)
1121 2050 1140 2087 ὁ
1173 2050 1289 2092 ἵππος
1313 2051 1512 2097 ἐφώρμησε
1536 2055 1582 2098 τῇ

204 2101 318 2138 παιδὶ
342 2101 408 2138 καὶ
435 2099 616 2147 ἐφόνευσε
634 2100 789 2147 ταύτην,
810 2087 1072 2137 ἕπαποθανὼν
1097 2099 1163 2136 καὶ
1187 2096 1301 2141 αὐτὸς
1325 2097 1493 2144 ὕστερον.
1519 2112 1582 2145 με·

207 2149 256 2186 τὰ
286 2155 407 2186 ταῦτα
439 2146 714 2195 ἐπισκαφείσης
744 2149 875 2189 αὐτοῖς
898 2152 965 2194 τῆς
990 2147 1171 2195 οἰκήσεως
1201 2146 1386 2194 (οἰκίσεως
1412 2148 1482 2194 Be)
1508 2145 1579 2183 ἀπ’

206 2196 354 2235 ἐκείνου
379 2196 399 2234 ὁ
426 2204 546 2245 χῶρος
570 2199 739 2234 ἐκαλεῖτο
765 2195 886 2234 ἵππου
911 2197 975 2233 καὶ
1001 2195 1118 2242 κόρης
1141 2195 1182 2232 in
1201 2206 1312 2243 marg
1330 2196 1388 2233 Be
1406 2198 1466 2242 (ει
1476 2195 1581 2232 Suid.

205 2258 234 2282 s.
255 2258 289 2283 v.
305 2240 541 2294 Ἵππομένης.
570 2245 691 2282 Nicol.
713 2245 820 2282 Dam.
841 2245 885 2280 fr.
907 2248 950 2281 51
980 2244 1155 2292 [Mueller
1179 2244 1238 2280 Fr.
1258 2243 1303 2280 H.
1325 2243 1369 2280 G.
1388 2243 1440 2280 ΙΙΙ
1460 2245 1558 2292 3861)

1607 935 1644 962 10
