1806 2964
242 961 275 986 10

243 1289 276 1315 15

291 243 379 285 358
877 243 1058 279 LIBANII

289 355 380 395 θὼν
406 355 451 396 δέ·
474 367 514 396 σε
540 357 843 409 τεθορυβῆσθαι
866 361 912 410 τῇ
939 354 1028 409 περὶ
1057 354 1125 403 τὰς
1154 354 1342 409 τραπέζας
1371 356 1555 410 φροντίδι
1581 355 1649 396 καὶ

289 424 376 469 ταῖς
399 419 499 474 ’ὑπὲρ
525 420 681 474 ἰχθύων
700 419 948 475 ἐπαγγελίαις
967 420 1034 461 καὶ
1052 421 1122 462 τὸν
1141 420 1375 461 ἐπιπεσόντα
1393 428 1564 475 χειμῶνα
1582 421 1649 463 καὶ

291 485 344 534 ὡς
369 485 413 526 ἔκ
437 486 623 539 κυμάτων
648 484 758 543 ᾔρεις
776 487 936 535 πλείους
955 484 982 538 ἣ
1001 486 1110 540 παρὰ
1128 487 1327 538 θαλάττης
1345 485 1461 535 ἄλλος
1487 484 1648 541 ἡμέρου,

290 558 375 599 πῶς
409 551 578 604 ἔχαιρον,
613 552 706 603 οἴει,
740 550 806 591 καὶ
841 550 935 603 μετὰ
968 551 1096 592 πόσου
1131 558 1202 592 τοῦ
1234 550 1399 605 γέλωτος
1434 552 1567 606 ἔλεγον
1599 557 1653 608 τῷ

293 618 454 674 νυμφίῳ
486 616 558 670 μὲν
584 617 776 658 δεδόσθαι
805 615 914 670 παρὰ
939 623 1009 669 τῆς
1039 617 1186 671 μητρὸς
1219 623 1295 670 γῆν
1321 616 1489 670 ἀτεχνῶς
1514 617 1556 658 τὸ
1583 617 1648 670 μέ-

293 695 365 723 σον
388 684 598 737 Κορίνθου
631 682 697 723 καὶ
723 685 952 735 Σικυῶνος,
978 689 1049 735 τῆς
1073 683 1239 735 νύμφης
1264 682 1306 723 δὲ
1331 683 1478 735 ταύτην
1506 682 1555 724 οὐ
1585 697 1649 737 γε·

290 747 434 789 ’νέσθαι
469 749 740 804 μεγαλοψυχία
774 754 834 802 σῇ.
884 748 1109 788 παυσάσθω
1145 747 1195 800 δὴ
1229 749 1366 797 πενίας
1402 746 1650 801 μεμνημένος

292 812 539 862 ,Καλύκιος-ἶ)
564 814 740 862 Καλλίας
765 811 1052 867 ἀμφοτέρωθεν
1076 813 1176 866 ἔχων
1200 820 1277 867 γῆν
1302 812 1476 868 ἀρίστην.
1528 816 1565 853 4.
1591 812 1650 854 τὼ

294 875 331 918 δ’
360 879 453 932 ἅμα
478 879 627 932 καλὴν
653 876 855 935 ᾕρηνται
875 879 1059 932 Ζυγίαν
1078 877 1156 918 καὶ
1175 880 1440 927 λυσίζωνον
1456 876 1650 933 Ἄρτεμιν.

295 944 343 985 οὐ
368 945 442 999 γάρ
469 960 515 997 με
540 944 687 985 ἔλαθον
713 943 852 993 ὠδῖνες
886 943 1033 998 μητρὸς
1064 943 1342 997 ἀναμιχθεῖσαι
1381 945 1493 1001 γάμῳ
1524 948 1651 999 θυγα-

294 1010 384 1065 τρὸς
408 1008 570 1062 ἡδίστης
596 1005 653 1051 ὧν
678 1009 844 1062 ἀκήκοα.
888 1008 953 1049 καὶ
979 1009 1052 1063 γὰρ
1078 1010 1120 1051 τὸ
1146 1008 1284 1063 τεχθὲν
1309 1008 1493 1064 ἡμέτερος
1516 1025 1651 1063 χορευ-

295 1076 377 1128 τής,
402 1075 518 1124 ἄλλος
543 1070 659 1124 οὗτος
674 1072 884 1128 Ἡρακλῆς,
904 1077 1090 1115 Τιτιανοῦ
1116 1075 1303 1127 ζηλωτής,
1328 1073 1372 1123 ὃς
1397 1075 1555 1124 εἰκότως
1580 1072 1652 1128 μὲν

296 1137 420 1193 ἦλθεν
446 1140 565 1182 ἐκεῖσε
591 1140 771 1194 μεθέξων
797 1147 866 1192 τῆς
891 1139 1042 1193 ἑορτῆς,
1067 1141 1224 1188 εἰκότως
1250 1137 1287 1180 δ’
1316 1139 1365 1180 ἂν
1390 1132 1502 1181 ἔλθοι
1533 1141 1651 1195 δεῦρο

296 1207 524 1259 ληψόμενος
550 1205 576 1246 ἃ
601 1206 793 1261 πρόσθεν.
837 1205 904 1246 καὶ
929 1205 1003 1259 γὰρ
1029 1206 1064 1246 εἰ
1089 1205 1207 1260 μέγας
1233 1206 1274 1245 ἓν
1300 1208 1426 1262 μικρῷ
1450 1205 1654 1260 γεγένηται

297 1272 442 1329 χρόνῳ,
468 1273 610 1324 μείζων
636 1270 678 1311 ἕν
703 1272 854 1311 πλείονι
891 1275 1083 1323 φανεῖται.
1136 1276 1172 1311 5.
1209 1270 1262 1323 μὴ
1298 1273 1512 1327 θαυμάσῃς
1546 1269 1588 1312 δὲ
1619 1271 1655 1311 εἰ

296 1338 437 1378 καινόν
461 1353 497 1377 τι
521 1343 623 1378 ποιῶ
660 1338 786 1389 ζητῶν
810 1335 919 1376 νέον·
955 1336 1020 1376 καὶ
1055 1336 1131 1391 γὰρ
1162 1334 1188 1388 ἡ
1213 1343 1284 1376 τοῦ
1308 1335 1403 1377 νέου
1429 1338 1551 1387 φύσις
1574 1343 1653 1377 τῶν

297 1409 458 1443 καινῶν.
509 1402 628 1451 αὐτός
663 1418 702 1442 τε
738 1397 813 1442 οὖν
845 1403 1036 1442 κινείσθω
1071 1401 1136 1442 καὶ
1162 1402 1364 1450 Καλύκιος
1400 1401 1454 1454 μὴ
1489 1401 1652 1453 μελλέτω

297 1470 503 1517 νεανίσκος
533 1468 578 1508 τὰ
610 1475 681 1509 τοῦ
713 1467 862 1522 πατρὸς
893 1459 1178 1520 μιμησάμενος·
1212 1466 1264 1515 ὡς
1292 1467 1367 1516 ἕξει
1399 1482 1440 1521 γε
1471 1467 1514 1508 ἐν
1543 1468 1653 1508 δικα-

298 1534 472 1584 στηρίοις
497 1534 658 1584 κράτος,
685 1532 736 1586 ἣν
762 1532 1003 1588 προσενέγκῃ
1030 1533 1192 1584 πόνους,
1218 1528 1274 1573 ὧν
1300 1533 1341 1573 τὸ
1366 1533 1488 1584 πέρας
1513 1530 1654 1584 ἡδονή.

369 1653 391 1684 6
419 1648 466 1684 cf.
487 1659 543 1693 ep.
565 1652 645 1684 884.
674 1648 874 1683 Salzmann
896 1652 940 1682 34
1016 1651 1037 1682 8
1065 1647 1179 1683 Seeck
1204 1651 1270 1682 103
1293 1650 1298 1684 ἒ
1321 1647 1516 1682 Salzmann
1543 1650 1589 1682 28
1609 1646 1654 1695 cf.

298 1697 344 1731 ad
367 1708 423 1743 ep.
444 1699 508 1730 1423
560 1701 579 1729 9
602 1696 716 1740 Orph.
737 1697 773 1731 h.
795 1699 851 1738 36,
866 1700 886 1731 5
940 1699 982 1730 12
1003 1695 1200 1730 Salzmann
1224 1698 1244 1729 9
1299 1699 1338 1729 17
1355 1706 1408 1739 sq.
1433 1696 1478 1729 of.
1501 1705 1558 1740 ep.
1582 1697 1651 1729 373

374 1809 392 1839 1
418 1804 703 1849 τεθορυβῆσθαι
735 1802 869 1848 scripsi
896 1804 1046 1838 auctore
1077 1803 1132 1838 Re
1169 1803 1423 1849 θορυβεῖσθαι
1444 1801 1532 1837 libri
1550 1800 1659 1837 Wolf

348 1855 369 1886 3
395 1849 496 1898 Ιἦρι-ις
514 1851 646 1896 scripsi
673 1863 692 1886 e
718 1850 858 1887 SVind
894 1847 996 1897 ᾔρεις
1021 1850 1177 1886 VVaVo
1187 1850 1232 1885 Vi
1257 1849 1362 1885 Wolf
1430 1853 1451 1885 5
1479 1854 1547 1895 γῆς
1570 1849 1655 1885 ooni

299 1898 354 1934 Re
429 1902 449 1933 7
475 1898 523 1944 δὴ
550 1909 610 1933 0111
638 1899 682 1934 Vi
755 1900 776 1932 8
803 1896 970 1939 καλίκιος
989 1898 1018 1934 S
1049 1895 1237 1939 καλλίκιος
1263 1898 1310 1933 Vi
1329 1898 1334 1942 Ι
1356 1897 1405 1932 τὼ
1433 1897 1469 1932 V
1488 1896 1575 1932 sed*
1604 1908 1624 1938 o
1645 1897 1655 1908 '

300 1957 382 1981 corr
406 1946 463 1981 m⁴
487 1948 526 1982 et
551 1959 579 1981 ω
605 1946 661 1980 m‘
696 1951 746 1981 τῶ
772 1946 820 1982 Vi
892 1950 912 1980 9
933 1946 1052 1992 καλὴν
1078 1947 1106 1981 V
1127 1945 1194 1980 sed
1213 1959 1235 1990 η
1255 1945 1295 1979 in
1313 1955 1374 1980 ras
1393 1945 1448 1978 m⁴
1470 1946 1476 1989 Ι
1498 1942 1654 1992 ᾕρηνται

299 1993 432 2039 scripsi
454 2005 473 2029 e
491 1994 645 2030 VaVoS
658 1993 757 2029 Vina
794 1991 974 2041 ᾕρηντὲῑῙ
988 1994 1055 2028 sed
1074 2007 1087 2028 ι
1106 1992 1238 2028 subscr
1261 1993 1301 2028 et
1319 1990 1335 2027 ἑ
1361 2003 1405 2027 ex
1426 2005 1466 2027 αι
1486 1993 1530 2027 ut
1554 1991 1655 2027 vide-

299 2043 362 2077 tur
386 2053 468 2077 corr
498 2042 537 2077 in
568 2053 628 2076 ras
658 2042 715 2076 m‘
752 2039 891 2087 ᾕρηντο
916 2040 1024 2076 Wolf
1053 2044 1058 2084 Ι
1084 2039 1225 2085 Ζυγίαν
1256 2039 1388 2085 scripsi
1420 2050 1440 2074 e
1468 2040 1583 2076 VaVo
1608 2039 1655 2075 ob

299 2090 459 2124 metrum
497 2087 674 2134 συζυγίαν
707 2089 738 2125 V
771 2088 836 2124 sed
875 2099 937 2123 ras
970 2093 990 2123 :3
1017 2088 1080 2123 litt
1112 2090 1201 2123 ante
1233 2099 1269 2131 σ,
1296 2087 1490 2123 SViVind
1519 2087 1584 2122 sod
1616 2087 1655 2123 in

299 2137 369 2172 hoc
395 2149 439 2173 συ
465 2137 576 2181 inser,
602 2136 709 2171 Wolf
752 2139 796 2171 10
816 2136 1068 2183 ἁναμιχθεῖσα
1078 2137 1124 2171 Vi
1168 2140 1210 2170 11
1227 2133 1380 2218 ἡδίἓτης
1400 2134 1534 2180 scripsi
1553 2145 1575 2170 e
1602 2134 1658 2170 Va

1253 2196 1273 2226 ι)
1320 2193 1444 2227 emm·

300 2232 366 2268 sed
393 2243 438 2267 ex
470 2231 622 2277 ’ἤδιστης
653 2243 736 2266 corr
760 2230 827 2273 m',
861 2231 968 2267 VoVi
1007 2229 1160 2276 ἣδιστον
1186 2196 1417 2275 Ῡγὴὸίστης
1441 2229 1469 2266 S
1504 2226 1657 2275 ἀρίστης

309 2281 407 2316 Vina
438 2279 545 2315 Wolf
627 2282 670 2314 14
698 2278 722 2313 ἃ
760 2278 892 2338 scripsi
925 2289 945 2314 e
973 2278 1067 2315 VVa
1097 2277 1144 2314 τὰ
1172 2278 1258 2314 Vos
1270 2278 1316 2313 Vi
1331 2277 1429 2313 Viml
1460 2276 1567 2312 Wolf

304 2355 347 2387 17
374 2351 570 2391 καλλύκιος
596 2351 652 2386 Va
688 2340 856 2390 καλῖζιιος
880 2350 908 2385 S
948 2348 1115 2390 καλίκιος
1142 2349 1188 2385 Vi
1222 2351 1228 2394 Ι
1267 2347 1401 2394 μελέτω
1430 2348 1474 2384 Vi
1547 2350 1592 2384 18
1617 2359 1657 2393 γε

301 2401 389 2444 post
419 2397 615 2438 νεανίσκος
641 2397 895 2434 VoSViVimZ
928 2396 1037 2433 Wolf
1079 2396 1203 2433 delevi
1247 2398 1254 2441 Ι
1301 2395 1342 2434 ὃς
1367 2396 1466 2431 Vind
1541 2398 1584 2431 19
1610 2393 1657 2440 ἢν

300 2445 435 2492 scripsi
460 2456 480 2481 e
506 2446 542 2481 V
561 2446 628 2481 sed
643 2443 661 2457 “
689 2445 765 2480 add
789 2445 857 2490 ω’,
883 2446 939 2482 Va
959 2445 994 2480 εἰ
1013 2444 1100 2481 VOS
1112 2444 1262 2480 ViVind
1282 2443 1388 2479 Wolf
1404 2445 1410 2489 Ι
1431 2441 1656 2488 προσενέγκῃ

299 2493 434 2539 scripsi
460 2504 480 2528 e
507 2493 661 2528 VVaVo
698 2492 940 2538 προσενέγκαι
957 2492 987 2528 S
1001 2492 1152 2528 ViVind
1177 2491 1283 2527 Wolf
