1806 2964
638 228 910 265 EP18TULAE
936 231 1131 263 274—275
1217 228 1219 230 ·
1473 224 1557 268 261

183 343 228 386 δὲ
246 339 444 399 μέγιστον,
465 342 546 397 ἤδη
566 338 665 396 ἦμεν
685 340 981 396 ἀπηλλαγμένοι
1000 347 1071 394 τῆς
1097 340 1198 394 πρὸς
1218 338 1414 393 ἀλλήλους
1433 338 1564 394 ἔριδος

184 409 297 464 ὠμὸν
331 408 404 463 μὲν
436 408 557 451 οὐδὲν
587 409 746 450 πώποτε
779 409 972 462 σχούσης,
1003 405 1085 460 ἤδη
1123 405 1166 447 δὲ
1197 405 1266 448 καὶ
1303 403 1563 458 πεπαυμένης

182 483 254 530 τῆς
286 491 326 517 τε
360 474 537 529 ἡλικίας,
568 471 699 528 οἶμαι,
733 475 960 526 πειθούσης
992 473 1060 514 καὶ
1085 479 1157 514 τοῦ
1191 473 1235 515 τὸ
1261 479 1423 527 πρᾶγμα
1460 471 1562 526 ἔχειν

181 541 351 599 ἑκατέρῳ
383 546 524 590 καλῶς.
587 544 625 586 7.
650 547 774 582 ταῦτα
806 540 980 589 ἀπόντος
1018 546 1228 594 κατηγορῶ
1262 539 1391 579 καίτοι
1423 538 1563 592 κύριος

183 606 242 649 ὧν
274 607 363 649 ἀντὶ
395 614 466 649 τοῦ
498 612 734 662 κατηγορεῖν
765 606 944 661 παρόντα
976 606 1088 660 ἔχειν.
1128 605 1204 660 ἐγὼ
1236 605 1373 660 γάρτοι
1410 603 1458 645 τὰ
1490 602 1563 657 μὲν
1601 619 1618 646 ⁸

182 673 282 716 ἄλλα
307 673 501 727 ἀσθενής,
527 674 583 723 εἰς
609 673 652 715 δὲ
677 673 721 714 τὸ
748 673 790 715 σὲ
815 674 937 714 πάλιν
963 672 1112 714 ἐνθάδε
1139 673 1266 722 δεῖξαι
1291 673 1408 726 μείζω
1434 673 1559 713 δύνα-

183 757 254 794 μιν
291 737 382 782 οἶδα
415 740 515 794 ἔχων
549 746 619 781 τοῦ
651 739 698 781 τὰ
737 739 898 795 μέγιστα
938 739 1070 781 ε’κεῖνα
1106 738 1371 792 πεποιηκότος
1404 739 1561 779 Μίδου.

184 809 223 848 8.
249 803 335 848 ἀλλ’
359 803 420 856 οἷς
446 805 683 856 ἐπέσταλκας
707 807 834 848 αὐτοῦ
862 806 1050 859 δεόμενος
1083 804 1229 859 μένειν,
1256 801 1368 846 οὗτοι
1394 803 1560 857 δεηθέν·

181 889 244 923 τες
270 873 369 927 ἐμοῦ
394 872 462 914 καὶ
493 876 707 922 καλοῦντες
738 871 920 926 ἀσέβημα
950 872 1025 925 τὴν
1056 871 1245 924 σπουδὴν
1276 870 1391 925 ἔσχον
1415 869 1484 911 καὶ
1509 870 1561 922 δὴ

183 940 402 989 πελάζοντα
433 943 519 988 ταῖς
551 946 631 979 τῶν
664 938 867 993 ἀρχόντων
899 938 1060 992 θύραις.
1104 934 1169 992 ἆρ’
1192 937 1311 990 ἕξεις,
1344 937 1366 978 ὅ
1397 953 1433 978 τι
1464 936 1563 991 πρὸς
1586 951 1619 977 ιο

182 1013 306 1048 ταῦτα
342 1005 467 1061 {pets-3
508 1005 639 1054 δεινὸς
673 1004 744 1058 μὲν
783 1001 839 1058 εἴ,
878 1005 1135 1057 θαυμάσαιμι
1174 1001 1212 1045 δ’
1242 1003 1293 1044 ἂν
1326 1004 1362 1045 εἰ
1398 1003 1452 1056 μὴ
1487 1009 1564 1043 νῦν

183 1071 411 1128 ἀπορήσεις.

831 1199 920 1245 σοε’.
1492 1208 1538 1243 W
1567 1212 1638 1244 278

677 1290 901 1346 Μαξίμῳ.
936 1294 1071 1341 (3619)

249 1389 286 1426 1.
316 1388 398 1426 Τοῦ
431 1384 506 1437 τὴν
541 1385 784 1438 οἰκουμένην
814 1385 859 1426 ἐκ
883 1384 1014 1439 λόγων
1045 1379 1090 1425 εὖ
1122 1391 1336 1433 ποιοῦντος
1368 1386 1562 1439 Προαιρε-
1587 1396 1620 1422 1⁵

185 1452 276 1492 σίου
303 1451 499 1506 συγγενὴς
531 1451 574 1492 ἕν
599 1454 829 1508 Κουκουσῷ
858 1451 1096 1506 Φιλάστριος
1126 1451 1384 1492 πολιτεύεται.
1422 1457 1565 1490 τοῦτον

183 1516 250 1558 καὶ
277 1516 332 1567 ὡς
355 1517 484 1572 ἄνδρα
509 1517 669 1572 ἀγαθὸν
694 1518 919 1571 βουλοίμην
945 1516 997 1557 ἂν
1021 1524 1092 1570 τῆς
1123 1517 1233 1572 παρὰ
1258 1523 1332 1558 σοῦ
1358 1516 1566 1571 τυγχάνειν

184 1583 346 1633 εὐνοίας
370 1583 438 1624 καὶ
466 1583 575 1632 ὅπως
601 1585 765 1636 φαίνοιο
791 1590 917 1636 τιμῶν
949 1583 1017 1625 τὸν
1049 1586 1222 1637 χαλκοῦν
1254 1581 1327 1636 μὲν
1359 1582 1402 1623 ἐν
1422 1579 1567 1639 Ῥώμῃ,

263 1740 303 1771 13
337 1736 408 1775 Vn
431 1735 481 1781 α’,
507 1735 593 1779 σνς’.
623 1737 678 1773 Va
703 1735 750 1783 γ’,
777 1735 846 1782 oy‘.
881 1737 932 1772 Vo
958 1735 1003 1782 γ’,
1031 1735 1087 1781 ⁰7¹

262 1887 280 1916 1
310 1881 356 1916 cf.
379 1891 436 1926 ep.
461 1884 528 1916 722
582 1884 601 1916 ’1
622 1880 717 1916 Xen.
738 1879 850 1916 anab.
871 1880 898 1925 Ι,
919 1884 954 1924 2,
977 1883 1030 1917 13.
1054 1879 1194 1917 Himer.
1216 1880 1285 1916 ecl.
1299 1879 1386 1916 XVI
1405 1883 1438 1916 4.
1465 1879 1565 1916 Max.

187 1927 275 1974 Tyr.
297 1928 386 1964 diss.
407 1928 458 1964 XI
480 1933 498 1964 1
578 1933 623 1964 14
650 1928 796 1964 Sievera
824 1933 941 1969 210&
968 1930 1008 1964 ef.
1033 1932 1064 1965 6.
1099 1928 1218 1964 Seeck
1245 1931 1326 1965 207.
1353 1932 1437 1963 377.
1470 1928 1564 1964 Silo·

186 1987 274 2011 mon
301 1981 347 2012 42
426 1981 469 2013 15
496 1976 642 2023 Eunap.
669 1977 736 2013 vit.
763 1977 870 2023 soph.
898 1988 934 2023 p.
967 1980 1012 2013 73
1039 1977 1098 2013 ed.
1133 1976 1304 2013 Boisson.
1353 1976 1456 2012 Suid.
1484 1988 1512 2013 s,
1533 1988 1566 2012 v.

186 2023 440 2070 Προαιρέσιος
516 2028 559 2060 16
587 2025 689 2061 Soet.
709 2025 745 2060 h.
769 2024 858 2061 eccl.
879 2024 914 2060 11
933 2028 979 2060 ⁸26
1063 2028 1108 2061 18
1134 2025 1281 2071 Eunap.
1296 2023 1356 2059 1.1.
1371 2036 1406 2071 p.
1428 2027 1487 2065 90,
1507 2027 1547 2070 2,,

260 2172 281 2204 2
308 2167 424 2204 οὐδὲν
456 2169 607 2205 πώποτε
634 2169 769 2214 scripsi
815 2181 900 2204 cum
933 2169 971 2205 R
1014 2167 1104 2206 οὐδὲ
1130 2170 1189 2204 πώ
1213 2171 1286 2215 (πῶ
1312 2168 1379 2214 Vo)
1410 2181 1501 2204 ποτε
1535 2169 1571 2204 V

195 2216 395 2253 VoSVind
446 2217 689 2254 οὐδεπώποτε
723 2217 839 2254 VaW
875 2216 985 2252 Wolf
1090 2221 1112 2252 3
1139 2217 1204 2252 καὶ.
1230 2238 1274 2244 -
1304 2220 1324 2252 4
1357 2218 1478 2258 καλῶς
1503 2228 1563 2252 om

189 2263 298 2300 Wolf
314 2263 410 2300 Cent
484 2269 506 2300 4
527 2263 712 2308 ἑκατέρωσ
728 2266 780 2301 W
847 2269 932 2310 ὗες.
952 2265 1021 2312 μὲν
1040 2265 1136 2301 ἄλλα
1156 2264 1293 2311 scripsi
1312 2276 1331 2300 e
1355 2265 1390 2300 V
1420 2264 1563 2310 μεγάλα

195 2313 251 2349 Va
262 2312 311 2348 Vo
354 2311 497 2359 μεγάλα
522 2311 590 2357 μὲν
615 2313 806 2350 SWVind
826 2312 935 2349 Wolf
1012 2316 1032 2348 7
1060 2311 1215 2359 μέγιστα
1235 2312 1369 2358 scripsi
1394 2324 1415 2348 e
1443 2313 1478 2349 V
1500 2325 1562 2359 με·

188 2360 284 2405 γάλα
310 2360 447 2406 reliqui
474 2360 562 2396 libri
589 2360 697 2397 Wolf
725 2363 732 2407 Ι
766 2359 916 2398 ἐκείεου
941 2361 1144 2398 SWVind
1177 2364 1183 2406 Ι
1222 2360 1354 2397 Μίδου
1380 2361 1514 2406 scripsi
1541 2371 1562 2396 e

195 2408 387 2445 VVaVos
402 2410 498 2445 Vim!
524 2408 597 2445 coll
623 2409 651 2444 ll
688 2408 728 2446 ll.
766 2410 890 2455 μήδου
923 2410 974 2445 W
993 2408 1104 2445 Wolf
1173 2412 1195 2445 8
1222 2407 1445 2445 ἐπέσταλκεν
1467 2409 1562 2446 VVa

198 2455 249 2492 Vo
314 2460 358 2492 10
384 2456 438 2493 ὅτι
466 2457 496 2493 S
582 2460 625 2492 16
652 2457 834 2503 συγγενὴς
861 2458 912 2494 Vo
938 2457 1003 2493 sed
1031 2470 1050 2498 ς
1074 2468 1095 2493 e
1121 2471 1144 2493 ν
1169 2468 1253 2493 corr
1277 2456 1335 2492 m’
1399 2460 1444 2493 18
1470 2456 1559 2502 φαί-

189 2516 272 2540 νοιο
298 2504 450 2550 reposui
476 2515 496 2540 e
522 2504 632 2540 libris
670 2504 815 2551 φαίνου
842 2505 950 2541 Wolf
970 2505 1038 2541 sed
1064 2516 1147 2541 corr
1171 2505 1259 2541 Add
1285 2508 1353 2540 861
