1806 2964
659 197 930 235 EmsTuLAm
956 202 1098 235 τε-ττ
1229 180 1232 182 ’
1521 198 1575 243 ⁷7

846 348 917 396 ος’.
1531 358 1577 394 W

729 431 900 492 Ἀετίῳ.
934 440 1040 482 (359)

259 524 294 560 1.
317 517 422 574 ’Etyofi
454 532 496 561 σε
537 520 710 573 πατρίδα
741 524 973 561 καταλιπεῖν
1005 520 1072 561 καὶ
1105 517 1220 562 οἷκον
1254 520 1319 561 καὶ
1363 520 1479 575 γένος
1513 521 1580 562 καὶ

194 587 438 640 προσδοκίας
463 586 513 627 οὐ
545 582 751 644 παρῄνεσα
783 586 886 640 μηδέ
915 602 959 641 γε
990 586 1278 642 παραινέσαιμί
1309 603 1404 629 ποτε
1435 589 1579 645 πολίτῃ

194 660 358 695 τοιαῦτα
382 653 502 695 πόλιν
527 653 633 694 οὕτω
668 653 844 708 μεγάλην
878 653 1142 709 παρεχομένῳ.
1189 658 1226 694 2.
1253 653 1337 695 ἐπεὶ
1371 653 1414 695 δὲ
1445 653 1580 707 ἐφάνη

196 720 424 774 σύμβουλος
451 718 525 772 μὲν
549 718 650 772 ἐμοῦ
681 721 974 775 πιθανώτερος,
1000 720 1063 761 σοὶ
1089 721 1132 762 δέ
1164 737 1201 761 τι
1233 727 1303 773 τῆς
1339 728 1489 763 σαυτοῦ
1517 734 1580 762 σε-

197 787 403 841 μνότερον,
424 786 499 827 οὐκ
518 785 668 827 ἐπαινῶ
689 785 762 839 μὲν
782 787 829 827 τὰ
849 787 1035 839 δόξαντα,
1057 789 1193 840 λαβεῖν
1214 786 1256 828 δὲ
1276 788 1448 842 χρηστὸν
1467 788 1580 841 εὔχο-

197 870 268 907 μαι
293 852 414 902 τέλος.
445 853 506 905 εἴη
535 849 573 893 δ’
596 851 648 892 ἂν
673 853 740 893 καὶ
766 860 882 894 τοῦτο
910 860 980 906 τῆς
1010 854 1152 907 Τύχης.

848 1045 919 1096 0ζῖ
1534 1056 1580 1090 W

693 1133 941 1189 Θεμιστίῳ.
977 1135 1084 1178 (359)

263 1220 296 1257 1.
321 1211 579 1271 Ἀνδρόνικος
611 1215 632 1256 ὁ
663 1217 836 1270 ποιητὴς
877 1218 981 1258 οὕτω
1015 1217 1181 1272 διέθηκε
1220 1219 1321 1273 πρὸς
1356 1218 1481 1260 αὑτὸν
1514 1218 1583 1267 τὰς

198 1283 331 1336 μέχρις
366 1283 582 1325 Αἰθιόπων
613 1284 765 1332 πόλεις,
798 1283 852 1332 ὣς
885 1285 990 1333 εἰκὸς
1022 1280 1075 1338 ’ἦν
1102 1281 1365 1338 Ἀνδρόνικον
1398 1291 1583 1326 τοιοῦτον

201 1348 373 1402 ἀφιέντα
399 1349 494 1402 μέλι.
519 1351 649 1391 καίτοι
673 1351 717 1391 τὸ
743 1357 814 1404 τῆς
840 1352 987 1404 μητρὸς
1013 1351 1137 1393 αὐτὸν
1163 1351 1231 1393 καὶ
1263 1352 1306 1393 τὸ
1332 1358 1404 1405 τῆς
1429 1352 1582 1400 πόλεως

203 1416 340 1464 πάθος
373 1417 587 1457 διεκώλυσε
619 1417 673 1469 μὴ
705 1418 835 1458 πάντα
868 1419 996 1466 δεῖξαι
1026 1417 1074 1458 τὰ
1105 1418 1310 1472 ἀγάλματα
1337 1426 1407 1471 τῆς
1432 1425 1583 1472 ψυχῆς,

198 1478 283 1523 ἀλλ’
313 1482 421 1534 ὅμως
447 1479 508 1531 οἷς
539 1482 728 1537 ἠδυνήθη
761 1485 886 1534 δεῖξαι
919 1484 1065 1526 δέδωκε
1097 1489 1181 1533 τοῖς
1212 1484 1451 1537 ἀνθρώποις
1476 1485 1582 1526 εἰκά-

203 1551 283 1598 ζειν
308 1548 399 1602 περὶ
423 1556 504 1590 τῶν
530 1549 580 1591 οὐ
605 1550 827 1602 φανέντων.
870 1554 906 1592 2.
934 1551 1128 1606 ἐχαρίζετο
1161 1550 1204 1592 δὲ
1230 1549 1330 1604 ἡμῖν
1356 1551 1406 1592 οὐ
1432 1555 1584 1604 μᾶλλον

204 1615 270 1656 διὰ
297 1622 376 1655 τῶν
401 1615 510 1656 ἐπῶν
534 1614 561 1668 71)
586 1623 666 1657 τῶν
691 1616 869 1658 ἐπαίνων
895 1613 957 1666 οἷς
981 1616 1120 1671 ἐχρῆτο
1144 1617 1243 1658 κατὰ
1270 1624 1344 1658 σοῦ
1364 1617 1489 1672 λέγων
1513 1617 1584 1658 τὸν

202 1680 276 1735 μὲν
309 1682 471 1735 βασιλέα
502 1690 621 1735 τιμᾶν
657 1696 698 1724 σε
733 1691 856 1724 πᾶσιν
898 1680 957 1733 οἷς
992 1680 1108 1737 εἶχεν,
1145 1684 1346 1738 εὑρῆσθαι
1383 1683 1426 1725 δὲ
1462 1683 1584 1725 οὐδὲν

282 1815 297 1846 1
336 1812 379 1851 VJ
401 1811 452 1856 α’,
478 1811 547 1854 νζ’.
578 1813 629 1848 Vo
655 1811 705 1853 α’,
731 1813 786 1860 ξβ.
814 1825 858 1859 pr
963 1817 982 1848 9
1022 1813 1064 1851 Vs
1087 1813 1136 1854 α’,
1168 1812 1234 1858 ms.
1260 1814 1310 1848 Vo
1331 1812 1380 1850 α’.
1411 1813 1464 1858 gy.
1487 1813 1515 1848 S
1540 1813 1583 1855 ε’,

203 1858 271 1896 aff.
298 1872 352 1905 pr.
392 1860 539 1897 Fabric.
563 1860 658 1896 Bibl.
681 1873 735 1907 gr.
760 1860 844 1896 VIII
872 1874 906 1907 p.
929 1865 973 1896 49
1002 1874 1036 1896 n.
1062 1861 1090 1896 X

273 1986 294 2015 2
322 1980 440 2016 Seeck
467 1985 526 2017 49.
554 1985 633 2017 358.
662 1981 831 2017 Silomon
853 1986 899 2016 30
972 1987 1015 2016 10
1043 1982 1188 2017 Sievers
1211 1986 1254 2017 79
1276 1984 1353 2018 not.
1377 1986 1434 2018 51.
1463 1981 1583 2018 Seeck

203 2033 282 2065 299.
312 2033 392 2065 358.
434 2029 601 2065 Silomon
633 2033 741 2074 26sq.
828 2035 867 2065 ll
904 2031 1024 2065 Amm.
1053 2030 1167 2066 Marc.
1197 2029 1281 2065 XIX
1303 2034 1360 2075 12,
1384 2034 1439 2066 11.
1474 2030 1584 2066 phot.

202 2077 296 2114 bibl.
307 2077 389 2113 eod.
404 2081 472 2112 279
490 2089 525 2123 p.
538 2082 639 2113 5362
699 2082 741 2113 12
753 2090 808 2124 sq.
822 2077 940 2114 Seeck
962 2082 1006 2112 70
1026 2078 1053 2114 Ι.
1082 2077 1396 2121 Christ-Schmid‚
1424 2078 1487 2114 Gr.
1510 2078 1584 2114 Lit.

203 2125 236 2161 11
257 2129 384 2168 2,7‘13.
407 2129 476 2161 775
553 2126 671 2161 14.0f.
695 2129 721 2161 t.
742 2126 758 2160 Ι
776 2130 854 2167 168,
878 2132 922 2161 23
996 2131 1039 2162 18
1067 2128 1114 2162 ef.
1136 2137 1194 2173 ep.
1216 2131 1260 2162 66
1289 2131 1309 2170 ς
1332 2132 1348 2162 1

275 2251 297 2280 4
324 2246 373 2293 μὴ
400 2245 443 2283 δέ
476 2247 510 2282 V
531 2259 576 2293 pr
597 2248 602 2293 Ι
625 2246 897 2293 παραινέσαιμ’
922 2260 1013 2284 ποτε
1045 2248 1178 2293 πολίτῃ
1205 2253 1365 2283 τοιαῦτα
1399 2247 1535 2293 scripsi

205 2294 477 2340 παραινέσαιμι
488 2296 579 2331 ποτὲ
599 2294 733 2341 πολίτη
752 2301 910 2332 τοιαῦτα
933 2296 967 2331 V
989 2294 1263 2342 παραινέσαιμι
1281 2302 1442 2332 τοιαῦτα
1451 2295 1583 2342 πολίτῃ

202 2341 294 2379 ποτὲ
328 2343 382 2379 Vo
408 2342 483 2378 edd
558 2348 579 2378 6
606 2349 748 2380 σαυτοῦ
769 2344 803 2379 V
826 2344 892 2379 aed
920 2355 941 2379 σ
967 2355 1012 2379 ex
1039 2344 1055 2381 ἑ
1082 2355 1166 2381 corr
1204 2349 1366 2381 σεαυτοῦ
1387 2345 1440 2380 Vo
1467 2345 1542 2380 odd

205 2395 226 2427 8
253 2397 362 2427 τοῦτο
384 2391 419 2426 V
440 2391 535 2428 sed*
558 2403 577 2427 e
597 2391 607 2402 '
629 2393 668 2427 et
692 2394 777 2438 o(2)
804 2403 887 2428 corr
913 2392 968 2427 m⁴
1034 2396 1076 2428 11
1098 2393 1216 2428 αὐτὸν
1243 2393 1278 2428 V
1294 2392 1360 2428 sed
1377 2390 1387 2404 '
1410 2390 1475 2428 ἰιιε
1503 2404 1586 2429 corr

205 2439 271 2483 ωδ,
306 2439 394 2476 Vos
417 2439 490 2475 edd
570 2444 612 2475 12
638 2439 745 2486 μέχρι
780 2441 810 2475 V
834 2452 879 2486 pr
955 2445 998 2476 13
1025 2439 1134 2486 μέλος
1159 2440 1188 2477 S
1257 2445 1299 2476 14
1327 2439 1486 2477 ἐκώλυσε
1513 2441 1585 2477 ποί-

204 2489 277 2529 θος
302 2488 331 2523 S
404 2492 448 2523 15
476 2488 647 2534 ἐδυνήθη
676 2489 710 2523 V
731 2488 839 2524 Wolf

1606 364 1651 396 74

1610 1061 1653 1092 '15

1603 1150 1637 1176 10

1604 1502 1638 1528 ¹⁶
