1806 2964
265 234 352 278 398
850 230 1035 267 LIBANII

267 345 294 399 ἢ
330 345 471 387 ἀπόντι
507 344 681 386 ἀκούειν.
732 346 770 384 2.
795 344 834 384 τί
866 343 916 395 δὴ
952 342 1097 395 μαθὼν
1122 342 1172 383 οὐ
1202 345 1355 396 καρποῖ
1371 341 1446 394 τὴν
1469 341 1631 394 μείζονα

268 411 551 465 εὖφροσύνηνς
576 411 615 451 τί
638 408 680 451 δὲ
706 409 756 450 οὐ
787 410 904 464 δεῦρο
930 409 1102 462 βαδίζεις
1125 405 1241 460 ἡμῶν
1265 406 1392 448 ὄντων
1416 405 1581 458 ἐνθάδες
1604 402 1630 446 ὃ

271 477 458 525 πολλάκις
494 477 662 530 ἔδρασας
695 473 811 528 ἡμῶν
835 474 911 515 οὐκ
946 473 1075 515 ὄντων
1100 473 1263 514 ἐνθάδε·
1301 472 1376 513 οἴει
1398 472 1633 525 καθήμενος

270 541 559 594 ἀπολήψεσθαί
588 556 634 594 με
659 542 729 581 καί
750 555 830 581 που
855 538 922 580 καὶ
954 539 1097 593 χρόνον
1122 537 1322 592 προλέγεις
1345 536 1412 578 καὶ
1436 540 1551 594 γελᾷς
1575 534 1634 586 ὣς

238 622 254 650 5
274 609 384 662 ἔχων.
437 610 475 648 3.
501 603 586 648 ἀλλ’
615 607 703 647 ἴσθι
736 605 802 647 καὶ
836 604 935 658 ἡμῖν
967 605 1147 658 ὑπάρχον
1171 604 1364 656 ψήφισμα
1387 605 1541 658 γράψαι
1563 601 1632 642 καὶ

274 675 494 727 δεηθῆναι,
526 674 669 714 δοῦναι
700 671 743 713 δὲ
773 671 887 725 χάριν
917 669 1071 724 ἕτοιμος
1102 668 1286 723 βασιλεὺς
1322 667 1389 709 καὶ
1418 667 1636 723 προσάγειν

273 740 455 794 ἀνάγκην
480 740 555 780 οὐκ
578 734 697 779 οἶδεν.

201 843 252 878 w
276 846 346 879 407
920 829 990 873 vs‘.

708 914 1048 973 Ἀρισταινέτῳ.
1098 925 1205 969 (355)

226 1018 262 1046 ιο
344 1008 381 1044 1.
406 1003 488 1044 Καὶ
515 1003 576 1044 ὅτε
602 1002 789 1043 ἀσθενεῖν
814 1014 878 1043 σοι
896 1001 969 1053 τὴν
987 1004 1159 1055 γυναῖκα
1177 998 1391 1053 ἠκούομεν,
1415 1001 1640 1053 συνηλγοῢ-

281 1085 353 1123 μεν
375 1069 607 1117 ἐννοοῦντες
632 1067 685 1116 ὥς
710 1066 815 1116 εἰκός
834 1079 876 1107 σε
902 1067 1130 1107 διακεῖσθαι
1153 1065 1399 1118 καμνούσης,
1416 1063 1483 1105 καὶ
1500 1062 1640 1116 ἐπειδὴ

280 1135 356 1188 τὴν
379 1134 563 1187 τελευτὴν
586 1132 816 1186 ἐπυθόμην,
840 1128 1032 1188 ἀνῴμωξα
1057 1131 1191 1173 δεινόν
1215 1147 1251 1171 τι
1275 1130 1514 1183 ποιούμενος
1539 1131 1638 1183 Ἀρι-

281 1202 485 1242 σταίνετον
505 1196 606 1241 εἶναι
626 1198 670 1240 ἕν
687 1198 842 1249 πένθει,
867 1193 917 1239 οὗ
936 1205 983 1255 τῇ
1004 1198 1124 1250 φύσει
1142 1196 1384 1250 πανηγύρεις
1409 1191 1643 1246 πρέπουσιν.

286 1270 322 1308 2.
351 1265 527 1319 ὁρμήσας
552 1263 595 1305 δὲ
619 1267 952 1318 παραμυθεῖσθαι
970 1265 1100 1318 λόγοις
1119 1261 1285 1316 ἀνέσχον
1308 1262 1439 1310 δείσας
1458 1260 1512 1314 μὴ
1531 1259 1644 1301 πάνυ

232 1348 267 1375 15
286 1346 328 1374 σε
354 1333 486 1373 δοκῶν
510 1330 658 1372 εἰδέναι
683 1330 813 1371 ἔπειτα
844 1329 985 1382 ἁλοίην
1009 1328 1179 1383 ἀγνοῶν.
1228 1323 1289 1376 οἷς
1312 1326 1387 1381 γὰρ
1416 1325 1576 1379 ἔμελλόν
1600 1336 1644 1366 σε

285 1402 484 1450 κουφιεῖν,
509 1397 663 1446 τούτοις
689 1396 740 1449 δὴ
765 1400 846 1444 τοῖς
873 1395 1083 1450 Πινδάρου
1104 1393 1174 1434 καὶ
1199 1393 1453 1447 Σιμωνίδου,
1476 1391 1544 1432 καὶ
1569 1391 1645 1433 ὅσα

359 1518 380 1549 8
414 1514 464 1550 VI
480 1511 526 1558 γ’,
546 1512 612 1552 Qe'.
625 1513 678 1548 Va
698 1508 738 1554 ε’,
758 1510 828 1557 κβ’.
855 1511 907 1546 Vo
927 1510 968 1555 ε’,
987 1509 1058 1556 np‘.
1073 1506 1154 1555 ὅγ’,
1175 1505 1234 1557 (ξδ’
1250 1509 1299 1546 Vi
1309 1508 1380 1544 ια’.
1410 1507 1508 1544 Vina
1519 1505 1644 1555 [ομη.

285 1564 327 1599 D
359 1565 439 1607 σκῆ.
471 1560 693 1597 Lambecius
725 1559 819 1595 Bibl.
847 1559 951 1596 Caes.
984 1557 1123 1594 Comm.
1149 1557 1215 1593 lib.
1241 1557 1291 1592 VI
1329 1556 1387 1592 ed.
1412 1555 1525 1592 Vind.
1549 1556 1650 1591 '1674

287 1623 322 1657 p.
345 1613 415 1645 249
442 1621 498 1656 ep.
520 1609 603 1644 VIII
623 1626 668 1639 =
689 1608 862 1644 Richard.
890 1606 970 1643 Lib.
998 1617 1081 1651 epp.
1108 1606 1175 1641 XII
1200 1618 1235 1642 n.
1255 1604 1341 1641 VIII
1365 1617 1401 1651 p.
1423 1609 1468 1641 28
1494 1602 1648 1650 Reisko,

288 1658 345 1694 De
365 1658 529 1693 Zenobio
549 1656 720 1702 sophista
737 1655 983 1699 Antiocheno,
1002 1654 1104 1700 Lips.
1123 1658 1215 1690 1759
1239 1665 1277 1700 p.
1297 1653 1347 1688 XI

362 1770 383 1801 2
409 1765 504 1801 Plat.
524 1765 625 1801 Prot.
644 1776 680 1810 p.
702 1762 812 1799 81οΕ
886 1766 906 1799 9
933 1762 1077 1798 Sievers
1096 1764 1141 1797 69
1165 1762 1242 1796 not.
1265 1764 1328 1804 383
1359 1764 1442 1805 224,
1460 1762 1492 1795 4.
1529 1758 1647 1795 Seeck

290 1817 348 1851 85.
376 1817 445 1849 820
531 1816 575 1848 16
601 1811 755 1847 Aristid.
776 1810 907 1847 Eteon.
927 1812 955 1848 t.
975 1810 992 1846 I
1013 1813 1092 1854 126,
1108 1813 1150 1844 11
1172 1809 1217 1845 ed
1247 1807 1360 1844 Dind.
1382 1806 1521 1843 Theod.
1540 1807 1649 1852 Hyrt.

291 1861 439 1898 monod.
461 1860 571 1896 Mich.
594 1859 754 1896 Palaeol.
779 1862 818 1895 et
833 1859 925 1894 Iron.
949 1857 1068 1893 Boiss.
1094 1857 1233 1892 Anecd.
1253 1856 1269 1891 1
1288 1860 1370 1900 254,
1386 1859 1429 1891 13
1449 1856 1488 1891 et
1507 1858 1588 1900 269,
1604 1858 1646 1891 11

368 1973 385 2004 1
412 1968 550 2004 ἀπόντι
587 1967 742 2003 ἀκούειν
778 1965 912 2011 scripsi
950 1976 970 2000 e
1001 1965 1088 2002 SVi
1130 1963 1284 2000 ἀκούειν
1327 1960 1464 1999 ἀπόντι
1496 1961 1653 1999 VVaVo

293 2016 402 2052 Wolf
418 2018 424 2062 Ι
446 2021 589 2059 καρποτ
604 2014 755 2060 reposui
774 2026 793 2049 e
812 2013 920 2049 libris
939 2014 984 2048 ut
1002 2011 1087 2048 coni
1105 2012 1159 2048 Re
1196 2016 1357 2055 καρποῖς
1375 2008 1483 2046 Wolf
1526 2013 1547 2045 2
1568 2007 1589 2045 ὃ
1605 2029 1648 2036 -

294 2069 315 2100 3
343 2063 484 2100 ἐνθάδε
509 2074 570 2099 om
596 2062 802 2099 VaVoSVi
873 2065 895 2096 4
921 2061 1042 2106 καὶ(2)
1076 2059 1217 2095 inserui
1242 2069 1263 2094 e
1291 2058 1382 2095 VVa
1392 2058 1443 2095 Vo
1478 2068 1539 2092 om
1563 2056 1654 2094 81⁷⁸·

296 2111 404 2147 Wolf
483 2114 504 2146 6
529 2109 571 2146 δὲ
598 2121 659 2146 om
686 2111 732 2146 Vi
776 2111 783 2153 Ι
828 2108 849 2145 δ
874 2110 962 2144 aute
987 2108 1160 2155 βασιλεὺς
1187 2107 1232 2143 Vi
1304 2109 1323 2141 '1
1351 2102 1455 2142 οἶδεν
1481 2105 1516 2141 V
1536 2104 1602 2139 sed
1627 2117 1652 2140 ν

295 2159 372 2195 add
396 2158 454 2194 m'
550 2162 571 2194 9
602 2161 652 2204 τῷ
684 2158 784 2204 αὐτῷ
812 2157 850 2203 (i.
876 2167 906 2193 e.
932 2154 1192 2202 Ἀρισταινέτῳ)
1217 2154 1305 2191 SVi
1335 2152 1452 2189 hamb
1487 2151 1652 2188 Rich-,td

298 2213 338 2243 11
367 2207 432 2242 καὶ
470 2227 515 2233 -
554 2209 598 2241 12
630 2204 808 2251 ἀνώμωξα
844 2203 1061 2251 praemissis
1097 2203 1220 2238 verbio
1255 2199 1571 2246 πυνθάνομαι·
1608 2198 1654 2235 τὸ

296 2253 484 2300 μανθάνω
509 2254 573 2290 καὶ
598 2242 724 2289 ἀκούω
749 2252 956 2299 αἰτιατικῇ,
981 2251 1031 2293 ὡς
1054 2251 1120 2286 καὶ
1143 2250 1325 2297 Λιβάνιος
1349 2248 1446 2284 citat
1470 2246 1655 2293 Georgius

297 2303 518 2348 Laoapenus
532 2301 683 2348 epimer.
699 2300 755 2336 ed.
771 2299 815 2336 G.
828 2300 1019 2335 Hermann
1039 2298 1095 2334 De
1113 2297 1257 2334 emend.
1272 2298 1342 2332 rat.
1358 2306 1513 2339 gramm.
1529 2304 1655 2340 graec.

297 2363 332 2397 p.
348 2353 484 2393 387,st
562 2353 604 2384 11
632 2348 794 2394 κάπειδὴ
813 2347 844 2385 S
864 2348 990 2392 Lacap
1071 2349 1115 2381 18
1141 2342 1241 2381 εἶναι
1264 2355 1326 2380 om
1353 2344 1398 2380 Vi
1436 2343 1442 2391 Ι
1468 2341 1656 2387 πρέπουσι

296 2398 526 2459 πανηγύρεις
550 2398 591 2433 D
689 2400 735 2432 14
759 2395 920 2442 ὁρμῆσαι
946 2396 1002 2432 Va
1026 2393 1092 2429 sed
1110 2396 1126 2405 ⁰
1146 2392 1189 2428 θ’
1210 2403 1293 2428 oon·
1341 2393 1348 2437 Ι
1396 2390 1439 2428 δὲ
1463 2401 1525 2427 om
1551 2389 1597 2427 Vt'

300 2497 346 2528 16
371 2458 429 2534 «ᾖὲ
440 2458 491 2529 ⁰⁰8⁶
554 2495 598 2528 16
622 2497 702 2534 τοῖς
726 2492 763 2528 V
781 2490 849 2527 aed
872 2501 895 2526 ο
918 2495 994 2526 τῶν
1018 2500 1100 2525 corr
1123 2488 1181 2523 m⁴
