1806 2964
643 229 916 267 EPISTULAE
942 233 1135 267 316-318
1225 227 1227 229 ’
1476 225 1564 270 297

191 340 260 383 δὲν
285 349 366 384 τῶν
391 341 498 396 ἐμῶν
524 341 696 398 ἀγνοεῖν.
745 346 783 383 2.
810 338 928 392 οὗτος
959 339 1026 385 ἐπ’
1055 343 1268 398 Αἰγύπτου
1298 341 1458 397 πάρεισι
1487 346 1568 395 γῆν

189 408 239 451 οὗ
263 409 417 462 πολλήν
441 424 531 450 τινα
556 409 747 467 πατρῴαν
771 409 1131 463 παραληψόμενος,
1156 408 1314 451 ἐκεῖθεν
1338 406 1414 462 γὰρ
1441 405 1463 448 ὁ
1489 421 1567 447 πα-

189 474 262 528 τὴρ
287 474 416 533 αὐτῷ,
441 479 587 529 μᾶλλον
625 475 669 518 δέ
701 491 789 526 πως
822 475 879 524 εἰς
909 475 984 528 τὴν
1017 473 1117 517 ὁδὸν
1146 475 1386 530 παρεκλήθη
1412 477 1466 530 τῷ
1491 471 1566 525 τὴν

190 542 465 594 Παλαιστίνην
487 541 569 583 ὑπὸ
595 548 670 583 σοῦ
694 543 947 584 διοικεῖσθαι.
984 544 1025 583 3.
1049 539 1100 583 ὃν
1124 540 1168 583 δὲ
1193 540 1260 582 καὶ
1285 539 1417 590 ἄλλως
1442 538 1566 581 ἀκού-

189 619 262 656 σας
285 605 478 663 ἡμέτερον
509 604 613 649 εἶναι
639 608 834 662 μαθητὴν
859 606 987 661 ἡδέως
1012 607 1064 650 ἂν
1090 604 1206 661 εἶδες,
1230 615 1313 650 ποῦ
1331 607 1461 656 τάξεις
1485 601 1561 658 ὑφ’
1604 623 1625 650 ι

191 670 393 728 ἡμετέρων
419 686 482 715 σοι
507 674 811 729 προσαγόμενον
836 675 1096 729 γραμμάτων;

833 816 920 873 τιη’.
1492 824 1542 860 W
1568 826 1639 859 ³21

647 904 968 961 Σεβαστιανῷ.
1001 908 1109 952 (357)

251 991 289 1028 1.
315 986 624 1041 Συνηχθέσθην
649 987 722 1041 μέν
747 1000 812 1029 σοι
844 988 920 1042 τὴν
943 993 1118 1043 γυναῖκα
1148 988 1415 1043 ἀποβαλόντι,
1441 988 1566 1041 συνή-

188 1058 298 1107 σθην
325 1052 368 1095 δὲ
391 1054 467 1107 τὴν
493 1053 709 1109 συμφορὰν
733 1055 928 1109 γενναίως
953 1055 1166 1110 ἐνεγκόντι·
1198 1056 1242 1098 τὸ
1268 1054 1342 1109 μὲν
1365 1055 1442 1111 γὰρ
1468 1054 1564 1108 ἕπή-
1586 1065 1622 1093 ιο

189 1135 301 1171 ρειαν
330 1120 475 1175 Τύχης,
506 1119 550 1161 τὸ
583 1119 626 1162 δὲ
658 1121 863 1162 δείκνυσιν
893 1120 1051 1175 ἀρετήν.
1098 1121 1197 1172 ἕξεις
1227 1121 1271 1163 δὲ
1305 1121 1373 1163 καὶ
1403 1121 1565 1164 τουτονὶ

181 1182 386 1240 Ῥητόριον
420 1185 469 1228 ού
502 1186 666 1239 φαύλην
696 1187 946 1241 παραψυχὴν
977 1187 1045 1229 διὰ
1075 1192 1235 1230 πολλῶν
1267 1188 1340 1243 μὲν
1371 1188 1566 1244 ρητόρων,

188 1252 264 1294 ούκ
288 1252 508 1294 ἐλαττόνων
540 1251 583 1294 δὲ
613 1259 792 1306 ποιητῶν
822 1252 1049 1309 ἀφιγμένον
1082 1255 1151 1296 καὶ
1185 1253 1282 1297 ὄντα
1312 1255 1473 1310 ἀγαθὸν
1497 1254 1567 1296 καὶ

187 1325 304 1360 τοῦτο
336 1317 511 1360 κάκεῖνο.
558 1322 596 1360 2.
624 1318 667 1361 σὲ
698 1318 771 1372 μὲν
802 1314 878 1360 οὖν
910 1319 1018 1377 αὐτῷ
1051 1322 1173 1374 φίλον
1203 1326 1316 1364 ποιεῖ
1340 1322 1389 1362 τά
1418 1337 1459 1362 τε
1489 1321 1566 1374 ἐμὰ

187 1384 399 1439 γράμματα
433 1384 502 1427 καὶ
525 1385 569 1427 τὸ
594 1389 677 1435 τοῖς
703 1390 789 1435 σοῖς
814 1386 977 1435 οἰκείοις
1007 1387 1379 1442 συμπεφοιτηκέναι
1403 1388 1473 1430 τὸν
1492 1386 1564 1429 ἅν-
1588 1397 1623 1424 15

189 1451 278 1504 δρα,
302 1451 429 1509 τούτῳ
456 1450 499 1492 δὲ
524 1451 674 1493 εὔνουν
700 1450 767 1505 ἐμὲ
792 1452 868 1492 δύο
887 1451 935 1492 τὰ
954 1451 1116 1507 μέγιστα
1136 1459 1253 1496 ποιεῖ.
1280 1454 1470 1508 μαθητὴς
1488 1454 1565 1510 γὰρ

189 1515 247 1557 ὢν
271 1516 365 1571 ἐμὸς
390 1518 635 1560 διδασκάλου
660 1534 729 1572 μοι
759 1522 855 1567 παῖς
885 1518 985 1572 ἐστι,
1016 1521 1178 1571 πάντως
1209 1520 1253 1563 δὲ
1283 1521 1354 1563 τὸν
1378 1522 1566 1574 Δίδυμον

190 1583 265 1625 οὐκ
289 1583 463 1638 ἀγνοεῖς,
489 1584 526 1625 εἰ
548 1584 603 1638 μὴ
629 1584 697 1626 καὶ
721 1584 796 1638 τὴν
816 1585 1017 1639 Μεγάλην
1037 1586 1196 1642 ἀγνοεῖς
1213 1588 1347 1642 πόλιν,
1372 1586 1416 1628 ἐν
1441 1579 1470 1644 ᾗ
1494 1594 1566 1640 τῆς

189 1650 315 1692 αὑτοῦ
352 1651 537 1700 παιδείας
572 1650 724 1700 ἐκεῖνος
755 1651 963 1704 μετεδίδου
1001 1656 1128 1697 νύκτα
1164 1654 1231 1696 καὶ
1266 1653 1419 1709 ἡμέραν
1449 1652 1554 1708 ῥέων

263 1770 282 1802 ’1
311 1767 362 1802 VI
382 1766 430 1812 γ’,
455 1766 503 1811 η’.
537 1767 594 1804 Va
619 1767 669 1813 δ’,
693 1766 740 1814 η’.
769 1767 822 1804 Vo
847 1766 894 1810 δ’,
920 1766 967 1813 η’.
994 1766 1025 1803 S
1047 1765 1095 1815 β’,
1121 1765 1190 1812 οη’.
1226 1766 1274 1802 Vi
1297 1765 1376 1812 ρξβ’

261 1871 284 1904 8
309 1868 357 1904 ef.
384 1872 541 1915 ep.817.
569 1868 716 1905 Sievers
743 1872 786 1905 ’17
807 1870 886 1906 not.
902 1873 960 1906 42.
988 1868 1108 1905 Seeck
1133 1872 1216 1904 271.
1237 1871 1320 1904 342.
1347 1866 1517 1903 Silomon
1543 1869 1566 1902 9

240 1919 283 1951 12
311 1915 358 1952 ef.
379 1926 438 1962 ep.
459 1919 527 1953 317
606 1920 649 1955 17
677 1917 795 1954 Seeck
821 1922 890 1954 251

263 2028 283 2060 1
311 2024 546 2070 ἐπαιγύπτου
570 2024 748 2070 πάρεισιν
774 2026 829 2062 Va
927 2030 948 2061 2
974 2026 1159 2071 πατρὼαν
1185 2025 1240 2061 Va
1249 2024 1340 2062 Vos
1362 2022 1472 2060 Wolf

190 2077 213 2109 2
238 2073 391 2109 ἐκεῖθεν
412 2094 457 2100 -
480 2076 501 2108 8
527 2073 629 2120 αὐτῷ
653 2073 756 2109 inser
782 2073 837 2109 V⁶
934 2077 957 2110 4
976 2071 1227 2119 παλαιστίνην
1254 2072 1307 2109 Vo
1332 2071 1399 2108 sed
1426 2075 1497 2116 ι(2)
1522 2070 1565 2106 in

188 2131 252 2158 ras
276 2121 335 2156 m¹
355 2122 361 2167 Ι
383 2119 426 2157 δὲ
452 2121 587 2167 scripsi
613 2132 634 2157 e
660 2122 817 2159 VVaVo
860 2119 930 2158 οὖν
956 2123 991 2158 εἰ
1007 2122 1091 2159 SVi
1117 2120 1225 2157 Wolf
1242 2122 1248 2165 1
1271 2121 1306 2156 εἰ
1331 2121 1421 2156 ante
1445 2118 1565 2161 ἄλλως

200 2170 256 2206 Va
265 2169 317 2206 Vo
339 2170 345 2215 Ι
367 2168 535 2211 ἀκούσας
559 2169 693 2216 scripsi
714 2180 735 2206 e
762 2170 798 2205 V
829 2168 997 2214 ἤκουσας
1022 2170 1078 2207 Va
1087 2170 1139 2207 Vo
1148 2169 1195 2206 Vi
1220 2168 1330 2205 Wolf
1362 2167 1567 2213 ἤκουσενδ

239 2221 260 2253 6
287 2228 346 2253 σοι
370 2215 659 2264 προσαγόμενον
684 2216 819 2264 scripsi
838 2229 859 2254 e
887 2218 982 2254 VVa
993 2218 1044 2255 Vo
1086 2214 1373 2264 προσαγόμενόν
1403 2228 1464 2253 σοι
1481 2215 1566 2253 SVi

189 2265 300 2302 Wolf
369 2269 391 2301 8
417 2266 669 2313 σεβαστειανῶ
696 2266 743 2302 Vs·
819 2270 860 2302 11
888 2266 953 2302 καὶ
979 2266 1122 2302 inserui
1149 2277 1170 2301 o
1194 2264 1303 2301 libris
1334 2275 1395 2300 om
1424 2263 1532 2300 Wolf

196 2317 241 2349 14
267 2313 360 2350 αὐτὸ
387 2313 436 2351 Vi
455 2315 461 2360 Ι
482 2319 573 2362 ποιῇ
599 2316 686 2350 coni
711 2312 820 2349 Wolf
843 2315 892 2360 „fi
918 2319 1010 2361 ποιῇ
1035 2318 1104 2351 aut
1121 2312 1273 2358 ποιήσει
1297 2318 1367 2350 aut
1384 2311 1562 2349 ’consta‘

190 2361 246 2397 Re
322 2365 366 2397 15
393 2361 681 2407 συμπεφυκέναι
707 2362 755 2398 Vi
775 2363 781 2407 Ι
802 2362 870 2398 τὸν
896 2361 1021 2408 ἄνδρα
1046 2373 1109 2398 om
1136 2361 1184 2398 Vi
1258 2364 1302 2397 16
1328 2358 1368 2397 δ’
1397 2361 1446 2398 Vi
1476 2365 1483 2406 Ι
1516 2358 1565 2396 τὰ

190 2407 344 2455 μέγιστα
369 2415 474 2446 ποιεῖ
496 2409 631 2456 scripsi
657 2421 678 2446 e
705 2410 861 2447 VVaVo
893 2415 998 2447 ποιεῖ
1020 2414 1200 2455 (ποιεῖται
1225 2408 1267 2455 S)
1291 2408 1339 2445 τὰ
1363 2407 1519 2456 μέγιστα
1537 2407 1566 2445 S

199 2458 247 2493 Vs·
273 2457 378 2493 Wolf
394 2459 400 2504 ς
421 2471 460 2494 τε
485 2462 574 2504 pont
598 2457 774 2504 μαθητής
805 2458 851 2495 Vi
922 2462 962 2494 1‘1
992 2456 1079 2503 ἐμὸς
1103 2455 1158 2494 ὢν
1185 2458 1232 2494 Vs·
1252 2459 1259 2504 Ι
1280 2457 1515 2494 διδασκάλου
1534 2457 1566 2491 V

191 2505 259 2542 sed
283 2518 331 2542 ου
354 2505 395 2542 in
421 2516 483 2542 ras
507 2506 566 2542 ιη’
640 2509 683 2542 19
709 2507 828 2543 αὐτοῦ
856 2507 1010 2544 VVaVo
1020 2507 1067 2543 Vs·
1090 2505 1201 2542 Wolf
