1806 2964
649 238 921 275 EPISTULAE
948 242 1016 275 202
1023 243 1140 275 —203
1499 237 1583 280 187

197 351 256 406 μὴ
287 351 356 393 καὶ
388 358 504 394 τοῦτο
536 349 642 405 ἡμᾶς
669 351 776 393 ἐστιν
801 347 847 393 εὖ
872 356 1004 393 ποιεῖν
1028 352 1073 393 ἕν
1098 356 1182 401 τοῖς
1207 350 1411 407 ἡμετέροις
1437 352 1584 404 φίλοις.

203 421 242 460 2.
262 414 485 473 Ἑρμόλαος
509 419 650 460 τοίνυν
675 414 794 469 οὗτος
811 419 991 474 γίγνεταί
1008 435 1076 473 μοι
1095 419 1284 472 συνήθης
1303 418 1383 461 ἀπὸ
1402 424 1475 459 τοῦ
1494 417 1585 473 περὶ

200 484 295 535 τοὺς
318 485 464 540 λόγους
489 485 648 540 ἔρωτος,
674 480 729 526 δι’
751 482 801 526 ὃν
827 485 903 527 οὐκ
928 485 1110 539 ὤκνησεν
1136 484 1240 539 ὁμοῦ
1262 489 1347 535 τοῖς
1365 500 1406 527 τε
1425 486 1584 534 δικαζο-

199 550 336 605 μένοις
366 555 589 612 συμμαχεῖν
618 550 687 592 καὶ
717 557 799 592 τῶν
832 552 1066 604 φοιτώντων
1097 549 1156 602 εἷς
1186 549 1311 605 εἶναι,
1340 551 1408 593 καὶ
1440 550 1492 604 δὴ
1518 550 1585 592 καὶ

194 617 399 672 ἐπηύξησε
429 617 505 671 τὴν
537 613 665 660 οὖσαν
696 617 804 677 αὐτῷ
834 619 1021 672 δύναμιν.
1072 621 1110 660 3.
1143 619 1296 661 οὐκοῦν
1328 631 1393 661 σοι
1420 618 1584 673 πάρεστι
1622 631 1638 658 ⁶

199 688 343 739 πεῖραν
373 685 524 739 λαβεῖν.
568 690 640 726 τοῦ
672 683 717 726 δέ
746 700 789 740 γε
820 681 925 726 εἶναι
955 685 1123 740 χρηστὸς
1155 685 1259 727 οὕτω
1289 685 1450 740 σφόδρα
1474 685 1584 726 πάνυ

196 751 414 804 πεποίηται
438 751 573 806 λόγον,
598 747 692 792 ὥστ’
715 747 806 792 οὐδ’
828 750 880 793 ἂν
905 750 1051 807 ἐχθρὸς
1069 752 1176 793 εἴποι
1193 751 1284 806 περὶ
1303 751 1428 793 αὐτοῦ
1448 750 1503 804 μὴ
1529 746 1584 792 εἶ-

199 833 270 858 ναι
292 817 475 872 χρηστόν.
521 820 563 858 4.
591 817 705 871 ἥκων
731 817 782 871 δὴ
809 824 887 859 νῦν
912 818 1062 859 ἐνθάδε
1087 817 1318 872 θησόμενός
1343 834 1380 859 τι
1404 824 1485 859 τῶν
1509 816 1584 858 αὖ-

195 889 271 925 τοῢ
296 883 452 938 βέλτιον
478 883 547 926 διὰ
565 890 637 926 τοῦ
658 884 848 937 μειζόνως
867 884 1075 938 ἰσχύοντος
1093 882 1243 938 ἤκουσε
1261 879 1354 938 παρ’
1379 881 1511 937 ἡμῶν,
1530 881 1584 932 ὥς

195 948 320 991 οὐδὲν
345 950 413 992 δεῖ
430 949 579 1005 τρέχειν
603 947 667 992 ἐπ’
683 950 911 1006 Εὐφράτην
937 949 1032 992 οὐδὲ
1057 951 1127 993 τὸν
1147 951 1260 992 δεῖνα
1278 950 1470 1004 ἐνοχλεῖν·
1503 949 1581 991 δώ-
1603 964 1637 990 ιο

197 1027 286 1057 σειν
311 1015 387 1072 γὰρ
413 1015 456 1058 σὲ
481 1017 642 1070 μείζονα
667 1011 726 1058 ὧν
751 1015 803 1057 ἂν
831 1013 908 1071 εἶχε
938 1016 1048 1071 παρὰ
1078 1023 1151 1059 τοῦ
1182 1018 1373 1071 μείζονος.
1425 1018 1463 1058 5.
1489 1016 1584 1058 υἱὸν

197 1081 272 1135 μὲν
291 1077 368 1124 οὖν
385 1081 480 1124 νέον
499 1082 730 1137 ἐνεβίβασεν
749 1084 806 1132 εἰς
825 1083 868 1125 τὸ
887 1086 1131 1139 λειτουργεῖν
1149 1090 1266 1125 τοῦτο
1287 1090 1448 1137 πρῶτον
1461 1081 1582 1138 ’ἡγού-

197 1164 320 1202 μενος
337 1152 393 1206 τῷ
412 1153 568 1208 χρηστῷ
589 1149 823 1204 προσήκειν,
842 1150 1016 1203 πατρίδα
1034 1145 1080 1191 εὖ
1099 1153 1244 1204 ποιεῖν,
1271 1151 1337 1191 δεῖ
1349 1148 1393 1191 δὲ
1411 1153 1466 1208 τῷ
1481 1148 1582 1203 πρὸς

199 1221 317 1257 τοῦτο
343 1216 580 1257 καταστάντι
604 1215 675 1258 τὸν
706 1213 879 1271 ἄρχοντα
903 1215 1080 1269 εὐμενῶς
1105 1216 1221 1271 ἔχειν,
1245 1217 1283 1257 εἰ
1305 1215 1439 1270 μέλλοι
1462 1215 1583 1256 πλεύ-

198 1287 346 1323 σεσθαι
370 1285 512 1331 καλῶς.
552 1285 591 1323 6.
618 1282 728 1332 ὅπως
752 1277 830 1324 οὖν
853 1282 962 1341 αὐτῷ
984 1283 1159 1341 ποιήσῃς
1182 1282 1253 1324 τὸν
1271 1286 1402 1324 πλοῦν
1419 1281 1581 1336 ἀσφαλῆ
1603 1295 1636 1321 ιε

198 1352 255 1405 τῷ
279 1364 320 1390 τε
345 1347 467 1398 αὐτὸς
492 1350 667 1403 βοηθεῖν
691 1348 760 1390 καὶ
784 1353 838 1407 τῷ
861 1348 931 1390 τὸν
948 1347 1125 1404 ἡγεμόνα
1143 1350 1445 1404 παρασκευάσαι
1462 1348 1511 1390 τὰ
1532 1348 1583 1389 σὰ

194 1412 425 1468 μῖμεῖσθαι·
441 1413 495 1464 ὥς
509 1414 585 1470 ἐγὼ
598 1414 672 1468 μὲν
686 1415 746 1456 ὅτι
758 1422 884 1456 ταῦτα
902 1415 1084 1468 ποιήσεις
1101 1415 1332 1470 ὑπεσχόμην
1347 1414 1415 1456 καὶ
1430 1415 1581 1469 ἔπεισα,

197 1481 274 1522 σὸν
299 1476 340 1521 δ’
362 1479 415 1522 ἂν
436 1481 499 1534 εἴη
526 1482 581 1535 μή
608 1497 655 1535 με
680 1482 851 1540 αἰσχύνῃ
870 1484 1110 1537 περιβαλεῖν.
1149 1485 1184 1523 7.
1209 1478 1294 1523 ἀλλ’
1311 1483 1368 1532 εἴς
1386 1498 1426 1524 τε
1440 1478 1581 1537 Ἑρμό-

199 1550 299 1589 λαον
317 1549 460 1602 γίγνου
479 1554 660 1597 τοιοῦτος
680 1546 824 1590 ὁποῖον
844 1545 937 1590 οἶδα
952 1548 1020 1590 καὶ
1038 1548 1082 1589 τὸ
1101 1549 1202 1603 πρὸς
1220 1546 1326 1602 ἡμᾶς
1345 1547 1582 1590 ἐπιστέλλειν

197 1612 385 1655 ἀνανεοῦ.
423 1613 492 1655 καὶ
522 1614 598 1670 γὰρ
623 1614 661 1655 εἰ
683 1614 808 1656 πολλὰ
839 1614 887 1655 τὰ
907 1621 984 1655 νῦν
1009 1615 1219 1669 γράμματά
1244 1626 1319 1655 σου
1344 1621 1415 1668 τῆς
1439 1614 1581 1669 χειρός,
1602 1627 1637 1654 zo

195 1679 296 1722 αὐτό
328 1695 371 1734 γε
402 1687 518 1721 τοῦτο
550 1679 703 1722 ἄτοπον
734 1681 779 1722 ἐν
810 1684 894 1729 τοῖς
919 1683 1079 1729 πολλοῖς
1106 1680 1161 1733 μὴ
1187 1679 1254 1721 καὶ
1279 1680 1327 1721 τὰ
1351 1680 1451 1735 πρὸς
1475 1679 1582 1733 ἡμᾶς

197 1743 316 1787 εἶναι.

273 1855 294 1885 ‘3
322 1850 469 1887 Sievers
497 1854 615 1894 251‚2
670 1855 712 1886 11
739 1850 879 1887 Iuliani

275 1950 294 1983 1
320 1945 433 1983 τοῦθ’
465 1947 502 1983 V
582 1951 604 1983 3
637 1945 682 1983 ὃν
715 1947 851 1995 scripsi
884 1958 905 1983 e
933 1947 1001 1984 VS
1056 1944 1109 1983 ὧν
1142 1948 1258 1984 VaVo
1291 1948 1357 1984 sed
1388 1947 1430 1983 in
1460 1948 1533 1984 hoc
1559 1961 1579 1984 ο

196 2005 327 2090 ffiffl.
340 1991 478 2079 &affin-‚²
479 1996 600 2078 ⁰1⁰5‘ss3?
610 1994 761 2090 fflf.
801 1995 1074 2081 ,ῗάέῗέτῗέηῗέ
1101 1996 1162 2078 ¹⁷⁶3
1183 1995 1582 2080 {Zssfifflfssssffxv’ffissf‘

198 2091 305 2127 πάνυ
330 2080 481 2137 σφόδρόι
510 2092 564 2127 Va
631 2094 653 2127 8
680 2090 779 2137 ἥκων
809 2057 951 2129 Ῡορεθᾶ
970 2105 999 2128 ω
1020 2102 1066 2127 ex
1085 2105 1105 2127 ο
1126 2103 1210 2127 corr
1227 2091 1285 2127 m'
1305 2093 1311 2135 Ι
1334 2093 1376 2128 δὲ
1405 2092 1561 2128 VWolf

199 2136 460 2185 ὃεθησόμενος
485 2139 515 2176 S
533 2141 539 2186 Ι
562 2139 679 2176 αὐτοῦ
706 2139 796 2175 libri
821 2139 932 2176 Wolf
1014 2143 1059 2175 10
1084 2141 1173 2185 post
1197 2141 1260 2175 δεῖ
1280 2151 1342 2175 ras
1369 2144 1390 2175 2
1416 2139 1481 2176 litt
1501 2141 1538 2178 V

202 2191 246 2222 11
274 2184 375 2234 εἶχεν
401 2188 458 2224 Va
533 2191 576 2224 17
603 2187 654 2229 ὡς
678 2188 884 2224 delendum
911 2190 1042 2224 censet
1073 2187 1129 2223 Re
1215 2191 1261 2223 20
1288 2189 1343 2224 εἰσ
1368 2188 1425 2224 Va
1435 2189 1486 2225 Vo
1511 2189 1581 2225 sed

198 2234 386 2327 ὲιέςὶιὲἓῃὲ
406 2246 495 2319 ἔξω
516 2237 524 2282 Ι
545 2247 614 2272 σου
639 2235 775 2282 scripsi
800 2247 860 2272 σοι
886 2235 975 2272 libri
995 2235 1105 2271 Wolf
1127 2247 1187 2272 σοι
1212 2233 1287 2272 ὑπὸ
1307 2235 1380 2282 (vel
1400 2236 1479 2283 διὰ)
1505 2250 1580 2284 χει-
