1806 2964
624 213 894 251 EPISTULAE
922 216 1113 250 196—198
1469 210 1555 255 183

177 345 262 370 νων
287 329 330 371 οἶ
350 328 509 382 κύκνοι,
533 328 624 373 λίαν
649 326 865 382 ἠχθέσθην
889 326 958 369 καὶ
982 326 1155 382 γράφειν
1180 324 1336 380 ἕτοιμος
1355 319 1419 379 ἦν.
1454 324 1558 366 ἔπει-

176 411 225 436 τα
250 394 429 448 ἐδεήθην
454 390 583 436 αὐτοῦ
608 393 753 449 μικρὸν
777 394 995 447 ὑπομεῖναι
1019 392 1165 449 χρόνον
1190 391 1258 434 καὶ
1280 392 1426 433 δοῦναι
1443 391 1560 447 χάριν

177 461 287 520 αύτῷ
311 460 356 503 τὸ
381 460 445 503 σοὶ
469 461 713 516 χαρίσασθαι
737 460 913 514 πόνους,
938 455 997 501 ὧν
1021 455 1074 514 ἦν
1099 458 1257 512 ἀήθης,
1289 458 1461 511 φάσκων
1485 454 1559 498 αύ-

177 528 268 569 τίκα
292 527 404 582 ἥξειν
429 526 505 580 τὴν
529 527 657 568 λύσιν.
697 528 736 569 3.
762 525 846 568 ἐπεὶ
872 525 915 568 δὲ
940 526 984 568 τὸ
1003 524 1077 580 μὲν
1094 525 1321 578 ἐκτείνεται,
1345 523 1497 580 ταραχὴ
1516 522 1560 566 δὲ

177 594 222 636 ἐν
251 598 335 644 τοῖς
365 593 665 650 ἐργαζομένοις,
699 592 720 635 ὁ
752 592 796 635 δὲ
826 591 995 648 ἡσυχίας
1021 591 1113 650 ἐρᾷ,
1147 588 1201 634 δι’
1230 590 1284 646 ἣν
1308 590 1432 648 ἀρχὰς
1456 590 1563 648 αὐτῷ
1596 603 1614 631 ο

176 660 278 716 πρὸς
296 660 367 710 τὰς
386 663 518 716 χεῖρας
538 660 679 710 ἰούσας
703 659 923 713 ἀπεώσατο,
949 660 1015 700 δεῖ
1033 658 1077 701 δὲ
1101 658 1197 708 τοὺς
1220 658 1417 714 χρηστοὺς
1440 656 1485 701 ἐν
1510 663 1558 715 τῇ

179 734 231 785 σῇ
262 727 434 781 δυνάμει
466 727 637 783 χαίρειν,
666 723 864 782 Ἀστέριος
895 725 939 768 δὲ
971 725 1112 781 φεύγει
1142 731 1266 767 ταῦτα
1289 723 1316 765 ἃ
1342 724 1559 768 διώκουσιν

177 792 289 835 ἄλλοι
307 792 375 835 καὶ
394 793 445 846 δὴ
464 792 534 835 καὶ
558 800 630 848 τῆς
654 793 805 843 οἰκείας
828 790 959 846 ἡδέως
983 791 1036 834 ἂν
1061 791 1220 834 ἐκπέσοι
1245 790 1301 845 μὴ
1328 789 1480 845 μέλλων
1499 790 1558 832 οἴ-

177 876 242 901 κοι
267 861 340 914 ζῆν
364 859 465 901 κατὰ
487 859 558 901 τὸν
577 859 702 902 αὑτοῦ
721 859 886 915 τρόπον,
911 858 1052 913 δέομαι
1077 865 1152 900 σοῦ
1171 858 1242 900 τὸν
1261 856 1334 912 μὲν
1353 855 1560 899 ἐπαινέσαι

177 932 250 967 τοῦ
274 941 315 968 τε
340 925 389 967 τὰ
413 925 539 967 αὑτοῦ
564 926 749 981 πράττειν
773 924 928 967 ἐθέλειν
952 924 1021 966 καὶ
1045 920 1104 966 ὧν
1122 923 1385 981 ὑπηρέτηκεν,
1410 919 1467 965 ἐπ’
1490 922 1558 965 ἅλ-
1578 936 1614 963 ιο

177 996 248 1034 λον
279 991 326 1034 δὲ
355 991 520 1048 ἀγαγεῖν
550 992 817 1048 τούπίταγμα,
848 990 990 1034 πολλοὶ
1020 990 1065 1034 δὲ
1089 986 1148 1033 ὧν
1172 990 1314 1047 ἄρχεις.
1366 994 1406 1032 4.
1428 987 1559 1033 Ἀστέ-

177 1075 263 1113 ριος
290 1057 334 1101 δὲ
358 1058 427 1100 καὶ
451 1059 605 1101 τούτων
630 1058 848 1113 ἀφειμένος
870 1065 951 1100 τῶν
975 1057 1103 1114 ἔργων
1129 1058 1204 1100 οὐκ
1229 1057 1351 1114 ἀργὸς
1374 1058 1559 1100 καθεδεῖ-

175 1143 253 1180 ται,
278 1124 328 1167 τὰ
350 1125 426 1181 γὰρ
452 1126 503 1167 σὰ
528 1126 753 1179 θαυμάζειν
778 1125 896 1181 ἔργον
922 1124 1040 1182 αὐτῷ.

810 1268 913 1326 omf-
1483 1277 1535 1315 W
1561 1282 1631 1315 198

631 1351 942 1414 Ἀνδρονίκῳ.
983 1364 1092 1410 (360)
1577 1370 1613 1398 ιε

239 1444 277 1481 1.
309 1441 366 1481 Εἰ
390 1439 464 1493 μὲν
489 1439 565 1482 οὐκ
590 1434 644 1494 ἦν
669 1439 734 1482 σοὶ
759 1440 901 1494 φίλος,
934 1439 1066 1494 ὥσπερ
1091 1437 1204 1494 ἡμῖν,
1233 1438 1255 1482 ὁ
1280 1439 1448 1495 χρηστὸς
1472 1439 1555 1482 Εὗ-

175 1506 354 1561 στόχιος,
384 1508 544 1547 πολλῶν
575 1504 627 1546 ἂν
657 1505 738 1547 ἔδει
768 1522 837 1560 μοι
867 1507 997 1562 λόγων
1028 1506 1085 1556 εἰς
1109 1505 1153 1548 τὸ
1179 1506 1328 1547 δοῦναί
1349 1518 1392 1548 σε
1416 1507 1556 1562 χάριν·

176 1578 255 1614 νῦν
286 1571 351 1626 δέ,
382 1567 507 1613 οἶσθα
537 1571 613 1627 γὰρ
644 1571 715 1613 τὸν
744 1571 876 1628 ἄνδρα
899 1571 967 1614 καὶ
991 1571 1108 1622 εἰδὼς
1134 1575 1283 1626 φιλεῖς,
1313 1571 1341 1613 ἃ
1365 1573 1480 1626 δοίης
1504 1571 1556 1615 ἂν

176 1637 305 1692 ἡδέως
329 1639 532 1692 αἰτοῦμεν.
571 1641 610 1680 2.
636 1642 770 1689 κακῶς
795 1651 896 1692 φησι
916 1637 1166 1681 πεπονθέναι
1185 1636 1206 1679 ὁ
1226 1638 1296 1688 σὸς
1314 1639 1556 1694 στρατιώτης

174 1705 285 1760 παρὰ
315 1711 396 1746 τῶν
426 1704 474 1746 τὰ
498 1706 617 1747 τοῦδε
647 1705 930 1756 διοικούντων,
961 1705 1003 1746 οἱ·
1033 1703 1076 1747 δὲ
1100 1703 1320 1760 ἀρνοῦνται
1343 1704 1411 1747 καὶ
1434 1720 1555 1746 κατα·
1574 1720 1612 1748 20

175 1772 317 1821 δύντες
341 1787 424 1813 που
448 1771 676 1826 τρέμουσιν,
701 1772 775 1826 οὐχ
800 1771 862 1813 ὅτι
879 1770 1094 1826 ἠδίκησαν,
1118 1766 1247 1824 ἀλλ”ἦ
1268 1769 1430 1827 ἀπειρία
1449 1775 1563 1813 ποιεῖ

174 1838 247 1880 τὸν
271 1837 416 1891 φόβον.
463 1840 501 1879 3.
528 1837 550 1879 ὁ
574 1837 729 1893 καρπὸς
755 1837 798 1880 δὲ
823 1837 867 1880 ἐν
892 1838 1138 1894 συγκομιδῇ,
1171 1835 1249 1878 κᾶν
1280 1836 1336 1891 μὴ
1369 1844 1555 1891 φανῶσιν

250 1969 294 2003 14
329 1967 397 2003 Vll
417 1965 468 2012 α’,
493 1965 594 2012 ροθ’.
626 1967 684 2003 Va
708 1965 757 2014 β’,
782 1965 858 2015 off.
888 1966 942 2004 Vo
966 1965 1016 2014 β’,
1042 1964 1101 2014 οβ’

251 2090 295 2122 15
321 2086 441 2123 Seeck
467 2091 524 2124 71.
551 2090 620 2123 369
692 2090 735 2123 16
762 2085 881 2123 Seeck
908 2089 977 2122 149
1038 2089 1082 2122 18
1108 2085 1207 2122 Pht.
1227 2085 1369 2123 Phaed.
1388 2098 1427 2133 p.
1448 2089 1494 2123 69
1507 2087 1553 2124 A.

175 2134 224 2171 cf.
243 2145 302 2181 ep.
323 2137 415 2189 1951
491 2139 538 2172 22
563 2134 682 2172 Thuc.
701 2133 753 2171 111
777 2138 820 2171 15

249 2258 270 2290 3
297 2255 399 2304 αὐτῷ
419 2254 509 2291 libri
540 2255 617 2292 edd
636 2266 718 2292 corr
743 2254 834 2341 Rei&
849 2255 891 2292 τὸ
918 2255 972 2293 Vo
1003 2254 1071 2291 sed
1103 2254 1123 2291 ὸ
1161 2254 1203 2290 in
1239 2260 1269 2291 ῶ
1301 2264 1386 2291 corr
1418 2254 1476 2290 m⁸
1499 2260 1551 2291 τῶ

185 2303 241 2339 Va
266 2302 280 2348 Ἰ
316 2301 446 2359 ἀήθης
464 2298 514 2350 ἦν
539 2304 578 2341 R
663 2307 685 2339 ὅ
712 2301 772 2341 ὅδ’
853 2305 862 2350 Ι
883 2303 952 2352 ἐρᾷ
978 2302 1114 2350 scripsi
1138 2303 1182 2339 ut
1208 2301 1295 2339 coni
1319 2301 1428 2339 Wolf
1448 2302 1504 2339 Re

177 2348 251 2395 ἤρα
275 2349 366 2387 libn
390 2350 466 2388 edd
505 2352 512 2398 Ι
545 2352 648 2401 αὐτῷ
667 2350 759 2387 libri
784 2351 860 2387 edd
934 2354 955 2386 ⁶
980 2351 1179 2387 ἀπεώσατο
1205 2350 1278 2391 sori
1308 2350 1341 2387 si
1371 2351 1551 2387 ἀπώσατο

175 2397 266 2434 libri
289 2398 365 2436 odd
439 2402 460 2435 7
485 2398 529 2437 δὲ
552 2399 696 2436 inserui
720 2410 742 2436 ο
766 2398 876 2436 libris
895 2399 940 2436 ut
957 2398 1119 2435 ooni'Re
1159 2410 1221 2435 om
1246 2409 1268 2436 e
1297 2398 1322 2434 d
1383 2402 1406 2435 8
1431 2397 1551 2445 ἕτεροι

175 2446 218 2482 D
237 2447 245 2493 1
265 2447 389 2494 malm)
413 2458 475 2484 om
500 2447 539 2484 R
559 2449 567 2495 1
588 2446 733 2489 οἰκείας
757 2447 894 2494 εει-ἱροὶ
919 2445 1044 2489 οἰκίας
1066 2446 1157 2483 libri
1183 2446 1258 2483 edd
1326 2450 1348 2483 9
1374 2447 1493 2483 αὐτοῦ
1520 2447 1558 2484 V

184 2494 239 2530 Va
249 2494 392 2532 VoRD
417 2495 491 2531 edd
567 2499 613 2532 10
637 2501 705 2532 τοῦ
730 2494 778 2532 τὰ
802 2494 901 2532 αὐτὰ
925 2496 970 2533 D
1040 2498 1085 2531 ²1
1111 2499 1182 2532 ποτ
1205 2495 1262 2532 Va
