1806 2964
293 224 381 268 298
885 224 1068 260 hIBANII

295 338 334 376 3.
359 331 444 376 ἀλλ’
482 336 590 385 ὅπως
629 331 746 386 οὗτος
785 335 976 391 ἐγκρατὴς
1011 334 1165 390 γένοιτο
1201 341 1281 376 τῶν
1316 334 1546 387 κτημάτων,
1581 327 1651 385 ἐφ’

291 401 392 454 ἅπερ
417 401 516 454 ἥκει.
542 401 662 456 μικρὰ
688 400 761 454 μὲν
785 401 861 456 γὰρ
886 408 1032 453 ταῦτα,
1062 400 1202 454 πένητι
1227 400 1270 442 δὲ
1294 399 1549 453 παραμυθία,
1567 396 1652 451 Ῥη-

291 467 424 521 τόριος
448 466 491 508 δὲ
517 474 595 508 τῶν
620 467 695 508 οὐκ
713 467 907 522 εὐπόρων.
938 466 1018 508 ἔστι
1037 466 1080 507 δέ
1104 478 1168 507 σοι
1193 466 1362 518 δύναμις
1386 464 1430 505 ἐν
1447 464 1652 521 Αἰγύπτῳ,

294 529 348 573 δι’
375 527 425 585 ’ἧς
450 533 494 573 οἰ
513 531 586 585 μὲν
617 531 730 573 ἄλλοι
759 533 937 586 χρήματα
967 532 1218 587 εἰργάσαντο,
1249 530 1299 571 σὺ
1331 529 1373 571 δὲ
1406 529 1528 578 δόξαν
1557 528 1652 583 ἀγα·

257 612 274 640 5
292 597 378 650 θὴν
402 605 450 655 τῇ
475 598 576 652 πρὸς
599 597 643 638 τὸ
669 598 826 639 δίκαιον
850 599 1062 654 συμμαχίᾳ.

219 770 271 806 W
295 775 364 807 822
503 819 507 824 ·
927 762 1020 805 τιθ’.

780 849 1022 906 Κυρίλλῳ.
1054 851 1161 895 (357)

355 936 393 973 1.
420 933 588 973 Πείθων
607 947 654 985 με
677 932 834 987 γράψαι
858 943 922 972 σοι
943 932 1157 980 Διονύσιος
1180 930 1308 972 ἐκεῖνο
1333 930 1524 985 πρότερον
1547 929 1650 972 ἕπει-

291 1002 382 1050 esu,
408 998 466 1039 ὅτι
491 1013 570 1051 μου
595 994 681 1051 μετ’
708 998 911 1051 εὐφημίας
944 997 1218 1051 μνημονεύεις,
1255 995 1323 1038 καὶ
1347 994 1482 1036 ἔπειθέ
1512 1010 1554 1049 γε
1578 995 1648 1051 ρᾳ-

238 1076 274 1103 ιο
292 1063 399 1112 δίως.
431 1063 506 1118 ἐγώ
531 1078 572 1105 τε
595 1063 670 1118 γὰρ
694 1062 764 1105 τὸν
791 1064 1024 1119 Προκόπιον
1048 1062 1092 1103 ἐν
1125 1062 1325 1115 μουσείοις
1354 1061 1529 1122 εὐχόμην
1552 1059 1649 1115 ἀγα-

291 1128 372 1169 θὸν
396 1128 586 1183 γενέσθαι
610 1127 654 1170 σέ
683 1144 723 1170 τε
754 1128 859 1178 εἰκὸς
890 1129 959 1170 τὸν
993 1128 1120 1176 οὕτως
1150 1127 1338 1180 ἐσχηκότα
1367 1126 1468 1182 πρὸς
1497 1125 1648 1168 ἐκεῖνον

290 1194 334 1235 ἐν
359 1199 442 1243 τοῖς
468 1194 705 1247 ἐπιτηδείοις
728 1193 929 1250 ἀριθμεῖν.
956 1197 994 1235 2.
1014 1189 1067 1246 ἧν
1086 1187 1160 1234 οὖν
1180 1193 1409 1234 ἀκόλουθον
1427 1195 1480 1250 τῷ
1495 1192 1648 1246 γράψαι

290 1263 494 1315 θαρρῆσαι
528 1260 571 1301 τὸ
603 1257 699 1314 μηδ’
726 1259 954 1315 ἔπαγγεῖλαι
987 1259 1101 1314 χάριν
1132 1256 1299 1311 ὀκνῆσαι
1327 1257 1396 1299 καὶ
1425 1264 1548 1299 ταῦτα
1577 1263 1648 1311 τῆς

291 1325 447 1379 χάριτος
471 1327 593 1367 πάλαι
617 1321 713 1381 παρ’
734 1325 848 1380 ’ὑμῶν
873 1326 1063 1378 δοθείσης
1087 1323 1182 1378 πρὶν
1207 1324 1369 1377 αἱτῆσαί
1388 1339 1487 1364 τινα.
1513 1323 1580 1365 ἴνα
1604 1321 1647 1364 δὲ

235 1404 271 1431 15
291 1389 311 1431 ὁ
337 1391 453 1446 λόγος
477 1391 532 1445 μὴ
558 1391 614 1440 εἰς
639 1391 803 1446 αἴνιγμα
827 1390 943 1448 πέσῃ,
968 1389 1209 1444 σαφέστερον
1234 1388 1320 1443 ἐρῶ.
1353 1391 1391 1430 3.
1418 1387 1648 1444 Προκόπιος

290 1451 335 1498 εὖ
359 1463 488 1498 ποιῶν
518 1456 659 1511 ἠλέησε
690 1457 910 1498 Διονύσιον
941 1456 1047 1510 ὁρῶν
1077 1454 1200 1496 αὐτὸν
1231 1453 1274 1495 ἕν
1305 1455 1422 1511 πενίᾳ
1453 1453 1547 1507 μετὰ
1577 1453 1646 1496 τὸν

289 1529 359 1564 τοῦ
384 1522 532 1578 πατρὸς
557 1523 706 1576 φόνον,
739 1522 847 1571 ὅπως
878 1521 920 1564 δὲ
946 1522 1001 1576 μὴ
1032 1521 1172 1562 σπάνει
1202 1526 1355 1574 τροφῆς
1385 1524 1556 1574 στεροῖτο
1581 1519 1646 1562 λό-

287 1604 392 1643 γων,
426 1589 551 1630 τάττει
586 1587 722 1643 φέρειν
758 1588 866 1646 αὐτῷ
899 1588 993 1637 τοὺς
1026 1586 1262 1640 ἐπιτρόπους
1292 1593 1372 1627 τῶν
1414 1583 1567 1641 χωρίων
1603 1585 1646 1627 ἐκ

288 1653 361 1707 μὲν
388 1655 571 1703 Κιλικίας
596 1653 643 1694 τὰ
667 1653 734 1694 καὶ
759 1654 820 1707 τά,
844 1653 887 1695 ἐκ
906 1652 949 1695 δὲ
966 1659 1046 1695 τῶν
1069 1650 1159 1706 περὶ
1178 1651 1246 1692 τὸν
1264 1651 1489 1707 Εὐφράτην
1511 1651 1645 1693 τόπων

232 1732 269 1759 20
288 1714 396 1772 ἕτερα
421 1726 602 1760 τοσαῦτα.
635 1723 674 1760 4.
699 1719 746 1760 τὰ
771 1718 844 1773 μὲν
869 1714 944 1760 οὖν
968 1719 1012 1761 ἐκ
1035 1717 1231 1770 Κιλικίας,
1251 1716 1304 1765 ὡς
1323 1717 1414 1770 ἔφη,
1439 1716 1549 1771 μέχρι
1566 1723 1645 1758 τῶν

360 1838 381 1870 6
414 1835 466 1871 Vt
486 1834 532 1881 γ’,
557 1834 611 1870 θ’.
644 1835 700 1871 Va
724 1834 773 1880 δ’,
797 1835 851 1871 θ’.
885 1836 937 1872 Vo
963 1833 1009 1877 δ’,
1035 1833 1089 1870 θ’.
1116 1832 1146 1868 S
1168 1832 1216 1881 β’,
1241 1833 1296 1877 ιζ’.
1330 1834 1376 1870 Vi
1400 1832 1476 1870 oe:
1500 1834 1542 1870 D
1566 1833 1615 1880 νβ

359 1950 379 1982 ’1
408 1947 554 1983 Sievers
581 1951 647 1983 141
667 1949 744 1984 not.
765 1952 823 1984 41.
849 1947 968 1984 Seeck
988 1952 1068 1984 118.
1089 1951 1170 1985 842.
1196 1936 1363 1984 Silomon
1383 1951 1404 1982 9
1484 1950 1505 1983 8
1526 1945 1643 1983 Seeck

288 1999 355 2031 121
433 1999 476 2031 10
502 1995 620 2032 Seeck
645 1999 713 2031 247
790 1999 834 2031 15
860 1996 978 2033 Seeck
1004 2000 1071 2031 121
1096 1996 1132 2032 11

359 2107 380 2138 2
406 2114 497 2138 num
530 2102 655 2139 πάντα
691 2101 792 2140 ποίει
834 2105 919 2149 post
961 2102 1062 2149 ἥκει,
1099 2102 1340 2139 inserendum
1378 2101 1452 2139 coll
1483 2113 1542 2148 ep.
1571 2105 1642 2138 320

286 2162 322 2197 p.
338 2154 420 2195 800,
437 2154 503 2187 18?
526 2153 531 2195 Ι
552 2149 686 2197 πένησι
713 2152 759 2188 Vi
830 2154 853 2186 8
873 2164 936 2197 μοι
956 2152 993 2188 V
1011 2150 1076 2187 sed
1104 2163 1141 2186 οι
1165 2150 1206 2186 in
1231 2164 1249 2187 ε
1274 2160 1357 2187 corr
1379 2150 1448 2195 m‘,
1479 2149 1572 2187 Vas

287 2202 309 2233 9
335 2196 523 2244 εὐφημίας
539 2199 689 2245 reposui
707 2209 728 2235 e
747 2198 856 2234 libris
882 2197 1034 2240 εὐνοίας
1054 2197 1159 2234 Wolf
1175 2199 1182 2244 Ι
1204 2198 1451 2244 μνημονεύοις
1463 2198 1522 2244 V!
1544 2197 1642 2234 ἔπει-

286 2248 361 2282 θεν
376 2246 431 2282 Va
506 2249 550 2282 10
575 2244 762 2292 μουσείοις
787 2247 902 2283 Vsed
922 2259 955 2282 ει
974 2257 1020 2282 ex
1045 2260 1059 2282 ι
1084 2257 1166 2282 corr
1184 2246 1241 2281 ω’
1261 2245 1268 2294 Ι
1288 2244 1460 2293 ηὐχόμην
1485 2245 1593 2282 VoVi
1601 2245 1642 2282 D

286 2292 396 2329 Wolf
484 2298 527 2330 11
554 2293 750 2342 ἐσχηκότα]
776 2292 1015 2340 διακείμενον
1040 2295 1088 2331 Vi
1185 2297 1230 2329 12
1255 2290 1327 2330 οὖν
1350 2293 1390 2329 in
1413 2303 1476 2329 ras
1508 2292 1564 2329 V‘

287 2379 332 2412 13
357 2376 407 2423 μὴ
433 2375 469 2412 δ’
500 2377 718 2432 (aava)
742 2376 850 2432 Wolf·
926 2381 971 2413 ιε
996 2376 1051 2433 ⁸²5
1080 2387 1142 2412 om
1167 2377 1209 2413 D
1294 2380 1338 2412 19
1364 2354 1488 2422 εὐφρῖε
1515 2376 1551 2413 V

285 2423 1370 2519 wof??u};215223p5122{2a31;7i‹25n1&xtlt'VoAdvqrosff
1417 2424 1514 2470 ἔφην
1539 2424 1641 2461 VOD
