1806 2964
279 226 367 269 294
863 226 1012 262 LIBAN
1014 226 1048 261 11

279 338 379 387 ὅλως
403 337 536 391 κράτει
559 343 631 391 τῆς
654 338 826 392 γλώττης
851 337 918 378 καὶ
936 336 1082 379 ἐπέστω
1101 341 1156 394 τῷ
1175 338 1335 390 στόματι
1357 337 1526 392 χαλινός.
1551 337 1640 392 βέλ-

278 419 364 444 τιον
393 403 468 457 γὰρ
500 409 791 458 σωφρονοῦντα
821 403 895 457 ζῆν
925 402 1052 452 ἀδεῶς
1082 401 1110 457 ἢ
1141 402 1446 458 θρασυνόμενον
1476 402 1641 457 τρέμειν.

280 467 379 509 ἀλλὰ
403 467 471 509 καὶ
494 472 579 517 τοῖς
603 469 736 520 φίλοις
759 467 829 516 τὰς
854 467 950 520 μετὰ
973 475 1043 509 τοῦ
1070 469 1228 510 δικαίου
1252 469 1410 522 χάριτας
1436 469 1551 510 δίδου
1574 468 1643 511 καὶ

281 534 399 586 μήτοι
421 533 555 586 νόμιζε
579 533 702 574 καλὸν
725 532 896 575 ἐοικέναι
919 538 973 591 τῷ
993 535 1185 575 Κύκλωπι
1202 532 1325 587 (καὶ)
1349 535 1450 587 βοᾶν
1473 534 1559 588 εἰκῆ
1577 534 1645 576 καὶ

249 612 266 640 5
285 600 477 648 λακτίζειν
501 597 569 639 καὶ
592 603 861 653 καταφρονεῖν
886 605 966 640 τῶν
990 604 1112 641 θεῶν.
1141 602 1179 640 5.
1203 606 1326 640 ταῦτα
1348 599 1557 641 ἐπιστέλλω
1581 612 1645 641 σοι

281 665 403 712 λύσας
427 663 600 716 ἐμαυτοῦ
627 664 766 718 δόγμα.
806 664 849 705 τὸ
883 663 926 705 δὲ
956 659 1010 718 ἦν
1033 668 1249 706 καταλῦσαι
1279 665 1322 707 τὸ
1353 664 1453 718 πρὸς
1484 663 1526 706 σὲ
1549 665 1641 720 γρά-

282 745 395 782 φειν,
419 727 466 778 ὃς
496 729 590 778 τοὺς
614 729 796 784 ἑταίρους
828 745 896 783 μοι
926 729 994 771 καὶ
1026 731 1253 783 φιλτάτους,
1285 729 1479 783 Εὔνομόν
1508 745 1548 772 τε
1577 730 1646 772 καὶ

283 795 546 848 Εὐδαίμονα,
570 794 664 844 τοὺς
688 794 728 844 ἐξ
749 792 963 848 Ἐλούσης,
987 794 1083 837 οὐδὲ
1113 792 1246 837 οἶσθα.
1278 797 1407 838 καίτοι
1430 796 1556 837 πολλά
1581 807 1646 838 σοι

285 859 374 914 περὶ
398 863 486 901 τοῖν
500 858 678 915 ’ἀνδροῖν
703 859 914 914 διελέχθην
936 860 1061 911 ἀξιῶν
1092 861 1240 910 αὐτοὺς
1263 866 1394 915 τυχεῖν
1417 877 1526 911 τινος
1549 861 1646 917 ἀγα-

233 940 267 966 ιο
285 930 380 967 θοῦ.
412 925 576 979 ῥήτορες
601 924 644 966 δὲ
668 924 792 979 ἄμφω
815 925 883 967 καὶ
900 932 1113 968 ποιοῦνται
1131 926 1200 968 τὸν
1218 928 1311 981 βίον
1329 926 1409 968 ἀπὸ
1427 934 1500 968 τοῦ
1525 938 1646 980 συνη-

283 995 429 1045 γορεῖν.
460 989 558 1031 ἀλλὰ
583 991 634 1032 σὺ
665 990 732 1031 καὶ
761 997 878 1033 τοῦτο
909 991 1094 1045 ὤκνησας
1123 991 1289 1041 καλέσας
1320 993 1465 1046 εἰπεῖν,
1491 991 1546 1042 ὣς
1569 991 1646 1048 ἄρα

284 1055 374 1110 περὶ
398 1055 532 1098 αὐτῶν
557 1055 676 1106 ἐδέξω
701 1052 795 1111 παρ’
823 1056 922 1110 ἐμοῦ
947 1057 1078 1112 λόγον.
1130 1060 1168 1098 6.
1194 1056 1216 1099 ὃ
1249 1057 1300 1111 δή
1327 1070 1391 1100 σοι
1424 1065 1647 1112 παρῶπται,

284 1120 464 1176 γενέσθω
495 1127 593 1175 νῦν,
624 1117 716 1163 ὥστ’
751 1121 839 1175 ἐμοὶ
868 1119 963 1177 παρ’
997 1122 1160 1165 ἐκείνων
1190 1122 1325 1164 ἐλθεῖν
1355 1122 1567 1177 ἐπιστολὴν
1597 1124 1648 1165 οὐ

285 1187 385 1227 κατὰ
407 1187 482 1240 τὴν
507 1194 595 1228 νῦν·
629 1185 684 1237 ὡς
706 1188 733 1240 ἥ
764 1203 807 1242 γε
839 1194 916 1229 νῦν
947 1187 1214 1242 ὀδυρομένων.
1251 1189 1288 1230 εἰ
1311 1188 1354 1230 δὲ
1378 1189 1428 1230 σὺ
1452 1195 1575 1230 ταῦτα
1599 1189 1648 1231 οὐ

234 1267 268 1294 15
288 1253 441 1305 δώσεις,
466 1253 639 1302 διδάξεις
663 1252 727 1294 καὶ
754 1251 860 1306 ἡμᾶς
885 1249 943 1295 ὧν
967 1252 1080 1307 ἡμεῖς
1104 1255 1238 1310 κύριοι
1263 1254 1400 1308 μηκέτι
1425 1256 1580 1296 δοῦναι.
1639 1259 1642 1263 ’

216 1402 265 1438 W
291 1406 359 1438 319
927 1395 1011 1444 τις’.

794 1482 1001 1539 Ακακίῳ.
1034 1484 1141 1529 (357)

354 1566 389 1603 1.
416 1562 498 1604 Καὶ
537 1564 614 1617 πρὸ
654 1570 725 1617 τῆς
764 1571 838 1618 σῆς
868 1564 1075 1619 ἐπιστολῆς
1112 1564 1342 1619 ἠπιστάμην
1376 1563 1421 1607 οἷ
1448 1573 1582 1628 κακῶν
1610 1582 1650 1608 τε

291 1627 414 1681 ἀφῖξο
439 1628 506 1669 καὶ
531 1629 592 1670 ὅτι
621 1636 700 1670 τῶν
730 1636 866 1671 κακῶν
900 1630 1141 1686 ἀπηλλάγης.
1181 1631 1284 1686 ἀνὴρ
1310 1633 1384 1687 γάρ
1410 1648 1468 1680 τις
1492 1632 1649 1674 ἐκεῖθεν

328 1740 335 1746 “
365 1760 408 1791 16
437 1756 487 1792 Vl
509 1755 555 1803 γ’,
580 1755 626 1796 ς’.
656 1756 709 1793 Va
733 1756 782 1801 δ’,
808 1753 853 1796 ς’.
887 1758 940 1794 νο
964 1757 1011 1803 δ’,
1037 1757 1083 1798 ς’.
1109 1758 1139 1795 s
1160 1756 1207 1806 β’,
1233 1757 1301 1805 εη’.
1335 1759 1382 1795 νε
1400 1758 1487 1804 μιν

364 1878 387 1910 4
412 1874 484 1911 od.
504 1889 518 1911 ι
542 1878 612 1911 275
675 1879 759 1921 7ος.
785 1875 905 1912 Seeck
932 1879 999 1912 131
1067 1880 1111 1913 17
1138 1876 1186 1913 cf.
1205 1888 1263 1923 op.
1283 1881 1365 1914 326.
1399 1877 1542 1914 Sievers
1568 1882 1649 1915 2⁷7.

294 1921 412 1958 Seeck
436 1926 494 1959 44.
520 1926 602 1959 342.
628 1922 797 1959 Silomon
821 1927 842 1959 9

367 2045 389 2076 8
413 2042 480 2083 τὰς
499 2042 535 2078 V
555 2042 623 2078 sed
647 2042 694 2083 ὰς
711 2053 757 2079 ex
775 2048 829 2079 ῶν
853 2053 936 2080 corr
959 2044 1017 2079 m⁶
1065 2047 1088 2079 4
1106 2043 1158 2090 μή
1175 2057 1212 2080 τι
1230 2044 1260 2081 S
1271 2044 1318 2081 Vi
1338 2047 1344 2091 Ι
1365 2045 1489 2092 καὶ(1)
1512 2045 1655 2082 inserui

343 2099 405 2124 om
429 2088 518 2125 libri
542 2088 650 2126 Wolf
662 2091 678 2145 J
706 2089 786 2137 εἰκῇ
813 2091 869 2149 Va
877 2091 930 2128 Vo
954 2090 1063 2128 Wolf
1150 2094 1172 2127 ὅ
1197 2102 1257 2128 σοι
1280 2102 1342 2127 om
1368 2093 1404 2129 V
1491 2097 1512 2129 ⁶
1538 2092 1651 2140 ἐμαυ-

294 2141 522 2222 2122125121‘21
535 2137 1175 2232 εεῗιειηῑμτντιῖοῑεηῑψεὲει
1192 2138 1654 2235 {znuzffimmze

302 2231 350 2267 Vi
370 2233 377 2278 1
397 2231 517 2268 πολλά
540 2243 600 2269 σοι
617 2243 678 2269 om
701 2233 733 2270 S
791 2236 812 2269 9
837 2233 1054 2282 διειλέχθην
1080 2234 1117 2271 V
1133 2235 1201 2271 aed
1226 2236 1298 2282 ι(1)
1323 2245 1418 2281 eras,
1452 2236 1505 2272 Vo
1528 2236 1595 2272 ned
1620 2250 1655 2274 u

297 2289 345 2315 ex
367 2293 391 2325 η
417 2290 501 2316 con·
524 2279 581 2316 ιιι·
616 2280 822 2328 διηλέχθην
842 2282 887 2318 Vi
909 2281 1133 2329 διελέγχθην
1158 2283 1215 2320 Va
1241 2283 1248 2329 Ι
1274 2283 1405 2325 αὐτοῖς
1428 2283 1465 2320 V
1484 2283 1552 2320 ned
1576 2290 1594 2320 t
1613 2283 1655 2320 in

297 2327 321 2362 ὺ
346 2337 430 2363 corr
452 2328 522 2371 m⁶,-
552 2327 610 2364 Va
679 2333 723 2365 11
747 2327 850 2366 τοῦτ’
873 2329 956 2366 81⁷⁸·
1041 2332 1085 2365 13
1111 2328 1162 2372 ὥς
1184 2328 1225 2366 τέ
1248 2343 1313 2377 μοι
1338 2331 1384 2367 Vs·
1455 2334 1498 2367 15
1524 2331 1655 2378 μηκέτι

298 2374 433 2421 σοι-ἱροί
457 2385 479 2411 e
496 2375 580 2413 SVi
614 2375 664 2422 μὴ
690 2377 846 2414 VVaVo
870 2376 980 2413 Wolf
1054 2380 1099 2413 18
1124 2382 1193 2423 σῆς
1218 2378 1253 2414 V
1278 2377 1346 2415 sed
1362 2391 1387 2424 η
1411 2378 1452 2414 ἰιι
1476 2389 1538 2414 ηε
1561 2379 1618 2415 m⁶
1645 2379 1650 2428 Ι

298 2418 323 2467 ἦ
351 2422 398 2459 Vs·
428 2424 434 2466 Ι
472 2435 512 2458 τε
536 2422 679 2460 inserui
703 2434 725 2460 ο
748 2423 857 2460 libri·
900 2435 962 2460 om
988 2423 1096 2461 Wolf
1177 2428 1221 2461 19
1246 2425 1382 2471 ἀφῖξαι
1401 2426 1438 2463 V
1456 2425 1523 2462 nod
1547 2439 1590 2463 αι
1612 2426 1654 2463 iu

297 2482 360 2507 ru
377 2471 436 2507 ιη’
469 2469 595 2518 ἀφίξω
621 2472 676 2509 Va
