1806 2964
274 218 362 260 578
859 218 1042 254 LIBANII

273 334 372 371 εἷται
397 329 486 383 περὶ
510 333 670 370 πολλοῦ.
704 332 742 370 2.
767 329 945 383 πονηρὸς
969 328 1013 370 δέ
1036 346 1095 379 τις
1118 331 1277 385 βλάψας
1296 330 1512 387 ἅνθρωπος
1531 332 1632 375 ἀπο-

275 395 373 449 δρὰς
399 392 536 451 ᾤχετο,
561 394 628 435 καὶ
654 401 729 435 νῦν
763 391 880 444 οὗτος
916 393 1082 447 ἀφῖκται
1114 402 1194 437 τῶν
1225 397 1391 439 δικαίων
1421 396 1544 448 ἀξιῶν
1566 415 1633 440 τυ·

275 465 368 514 χεῖν.
415 463 453 501 3.
479 459 532 509 ὡς
564 455 639 501 οὖν
673 460 717 501 ἐν
747 467 794 516 τῇ
832 460 932 514 πρὸς
962 468 1105 503 τοῦτον
1135 463 1292 519 σπουδῇ
1325 463 1547 517 βοηθήσων
1577 469 1631 521 τῷ

268 527 406 567 ’κάλλει
431 532 510 566 τῶν
534 526 700 579 βιβλίων
727 526 857 575 δεῖξον
882 524 1007 581 ὀργὴν
1031 526 1097 568 ἐπὶ
1119 527 1190 568 τὸν
1217 527 1441 582 ἠδικηκότα.

204 676 248 709 w
274 680 342 712 545
923 667 990 723 χῖ.

240 768 256 794 σ
502 762 506 767 ’
725 749 1034 810 Ἰταλικιανῷ.
1068 764 1171 807 (361)

338 840 374 877 1.
394 833 439 877 ‘0
464 837 701 886 Σπεκτάτος-
715 835 817 890 ἀνὴρ
837 836 992 891 ἀγαθὸς
1011 837 1068 886 εἰς
1086 836 1192 891 ἡμᾶς
1208 839 1380 894 γίγνεται
1398 838 1466 880 καὶ
1490 840 1634 893 γράφει

275 902 374 956 πρὸς
399 902 472 955 τὴν
498 901 646 957 μητέρα
670 903 877 952 τοιούτους
900 901 974 956 μὲν
998 903 1205 957 ἐπαίνους,
1229 903 1414 953 τοιαύτας
1438 902 1481 945 δὲ
1505 919 1633 959 παρα-

275 968 446 1021 κλήσεις,
472 964 562 1009 ὥστ’
585 967 706 1010 οὐδέν
731 984 798 1021 μοι
819 967 939 1010 πλέον
958 968 1128 1022 ἀφῆκεν,
1153 966 1237 1010 ἀλλ’
1259 966 1321 1019 οἷς
1344 968 1464 1018 αὐτὸς
1482 975 1633 1023 χρῶμαι

225 1048 258 1075 ιο
277 1034 430 1087 παρών,
454 1029 563 1075 ταῦτ’
591 1033 762 1087 ἔπεμπεν
787 1033 831 1075 ἐν
861 1033 1093 1084 ἐπιστολαῖς.
1138 1038 1175 1076 2.
1201 1034 1268 1076 καὶ
1299 1034 1342 1076 τὸ
1373 1034 1633 1088 ἔτι”κάλλιον,

277 1099 327 1140 οὗ
352 1099 426 1154 γὰρ
453 1098 601 1152 ἀμείνω
626 1098 698 1153 μὲν
723 1099 767 1141 ἐν
792 1104 879 1149 ταῖς
902 1099 982 1142 ’ὑπὸ
1007 1106 1088 1141 τῶν
1112 1106 1195 1141 σῶν
1221 1099 1496 1154 κομιζομέναις
1520 1100 1647 1156 ἔγροι-ι

277 1180 371 1216 φεν,
405 1165 453 1206 οὐ
493 1172 657 1206 τοιαῦτα
690 1164 733 1206 δὲ
770 1165 814 1207 ἐν
844 1169 930 1215 ταῖς
960 1164 1038 1206 ὑπὸ
1070 1172 1150 1206 τῶν
1180 1165 1322 1217 αὑτοῦ,
1352 1172 1468 1207 τοῦτο
1506 1165 1557 1219 δὴ
1588 1166 1632 1208 τὸ

276 1236 356 1270 τῶν
390 1229 694 1283 ἐξαπατώντων,
730 1227 817 1271 ἀλλ’
851 1230 956 1272 ἔστιν
993 1231 1112 1280 αὐτὸς
1150 1231 1216 1272 διὰ
1251 1232 1382 1284 πάσης
1417 1232 1633 1285 ἐπιστολῆς.

280 1298 317 1337 3.
343 1299 472 1345 καλῶς
497 1291 573 1337 οὖν
597 1295 695 1349 ἡμῖν
720 1297 929 1350 οἰκονομεῖ
946 1297 990 1338 τὸ
1014 1304 1186 1352 πρᾶγμα.
1217 1298 1367 1351 χαίρειν
1384 1297 1459 1352 γὰρ
1478 1296 1634 1352 ἀνάγκη

227 1377 259 1403 ιε
280 1361 354 1413 τὴν
377 1362 513 1414 τήθην
538 1369 700 1403 τοιαῦτα
725 1361 974 1413 ἀκούουσαν,
1005 1363 1221 1417 χαίρουσαν
1246 1361 1289 1404 δὲ
1313 1361 1380 1403 καὶ
1411 1363 1557 1412 ζεύξειν
1581 1362 1634 1404 εἰ·

277 1427 357 1476 κός.
391 1431 429 1469 4.
456 1426 498 1468 σὲ
524 1426 567 1468 δὲ
593 1425 703 1481 οἶμαι
729 1429 813 1469 δεῖν
839 1433 968 1470 ποιεῖν
999 1427 1025 1469 ἃ
1049 1425 1259 1487 παρῄνουν
1289 1432 1436 1470 ποιεῖν·
1475 1427 1529 1478 ὥς
1559 1428 1635 1470 οὐκ

277 1489 364 1535 ἔσθ’
390 1493 412 1534 ὅ
437 1509 473 1534 τι
496 1492 548 1534 ἂν
573 1493 756 1548 εὑρεθείη
781 1493 936 1548 βέλτιον
960 1494 1017 1543 εἰς
1041 1494 1114 1547 τὴν
1137 1500 1345 1548 παροῦσαν
1370 1494 1567 1548 σπουδήν.·

353 1649 374 1680 6
410 1646 475 1682 Vn
495 1645 543 1693 β’,
569 1644 633 1681 κε’.
671 1646 723 1682 Va
748 1644 789 1690 ζ’,
815 1644 876 1685 ις’.
912 1646 963 1683 Vo
988 1644 1058 1692 (ζ’),
1082 1644 1143 1686 ις’.
1169 1646 1239 1682 Μο

345 1792 365 1824 6
392 1789 438 1824 cf.
465 1798 522 1834 ep.
543 1791 625 1825 642.
652 1787 770 1825 Seeck
798 1791 878 1825 187.
899 1791 969 1824 ³84
1024 1792 1044 1824 9
1071 1787 1117 1825 cf.
1138 1789 1166 1824 t,
1184 1788 1219 1824 11
1236 1791 1318 1833 437,
1337 1791 1383 1825 20

354 1935 370 1965 1
398 1929 619 1976 πονηρὸς-
631 1935 653 1966 4
673 1929 881 1977 ἠδικηκότα
899 1930 1146 1977 inscriptione
1164 1930 1304 1968 omissa
1322 1931 1555 1977 excerpsitG
1573 1932 1633 1978 (—

279 1979 396 2015 Ambr
412 1978 657 2023 G14)f01.82‚
672 1990 692 2014 e
704 1990 778 2024 quo
799 1989 822 2015 a
841 1979 1080 2025 Rostgaardo
1100 1979 1290 2040 descripta
1308 1978 1413 2014 velut
1431 1977 1635 2025 epistulam

278 2027 466 2072 integram
477 2026 600 2062 edidit
612 2026 720 2062 Wolf
732 2029 823 2062 1159
886 2030 904 2062 1
926 2026 970 2063 δέ
986 2027 1278 2074 vas-emoneo]
1296 2039 1353 2069 τις
1371 2027 1437 2063 καὶ
1455 2025 1635 2063 κακοδαί-

279 2087 358 2119 μων
383 2074 589 2119 ἄνθρωπος
613 2074 763 2122 βλάψας
787 2073 981 2135 Μαιόβιον
1005 2074 1072 2111 τὸν
1096 2073 1369 2122 βιβλιογράφον
1388 2073 1560 2119 ἀποδρὰς
1587 2074 1623 2111 G

279 2126 302 2157 4
322 2122 490 2167 nequitur
515 2132 573 2167 ep.
595 2125 664 2158 634
683 2121 723 2157 in
750 2123 785 2159 V
855 2126 874 2158 ’1
904 2123 938 2158 Ο
955 2121 1096 2158 inserui
1115 2134 1135 2158 c
1162 2123 1217 2158 Va
1227 2123 1276 2159 Vo
1319 2132 1379 2158 om
1413 2122 1520 2159 VMo
1532 2121 1641 2158 Wolf

329 2173 372 2205 12
398 2169 576 2217 τοιαύτην
603 2171 672 2206 ΜΟ
716 2171 723 2216 Ι
767 2168 862 2216 ὑπὲρ
888 2170 973 2206 coni
991 2169 1100 2206 Wolf
1140 2171 1146 2216 Ι
1191 2170 1307 2206 αὐτοῦ
1332 2168 1422 2206 Ιίὶτί
1439 2169 1549 2205 Wolf
1568 2169 1635 2216 qui

279 2217 396 2253 αὑτοῦ
434 2217 519 2253 coni
630 2220 674 2253 18
713 2216 733 2253 ὁ
772 2217 910 2259 αὐτὸς-7
999 2220 1044 2253 14
1078 2217 1272 2264 οἰκονομεῖ
1305 2217 1440 2264 scripsi
1482 2218 1634 2253 auctore

281 2264 530 2312 Richtsteigio
574 2265 767 2310 οἰκοδομεῖ
788 2264 878 2301 libri
904 2264 1012 2301 Wolf
1081 2269 1125 2302 15
1150 2265 1275 2312 τήθην
1305 2263 1438 2311 scripsi
1463 2264 1547 2302 coll.
1576 2275 1594 2300 e
1624 2293 1632 2302 .

280 2316 344 2347 ‘231
387 2324 423 2358 p.
450 2316 533 2357 ²15,
554 2316 573 2348 7
613 2312 759 2359 τήτθην
794 2313 851 2349 Va
898 2311 1034 2359 τίτθην
1070 2313 1233 2350 VVoMo
1264 2311 1371 2348 Wolf
1394 2312 1440 2348 cf.
1472 2311 1595 2349 Lobec
1626 2341 1634 2348 .

279 2359 418 2405 Phryn.
433 2363 502 2396 134
577 2364 619 2396 16
645 2359 740 2405 ἅπερ
766 2358 885 2405 nvom«
899 2361 1014 2398 VaVo
1089 2363 1132 2396 17
1157 2359 1302 2408 βέλτιον
1326 2359 1458 2407 scripsi
1476 2371 1561 2396 cum
1579 2359 1635 2396 Re

279 2408 468 2455 βέλτιστον
492 2406 581 2444 libri
607 2407 713 2443 Wolf
