1806 2964
616 208 886 245 EPISTULAE
913 212 1104 246 211—213
1232 177 1235 179 ‘
1459 207 1545 252 195

167 322 244 376 τὴν
269 322 483 375 διοίκησιν,
507 321 545 362 εἰ
568 321 623 375 μὴ
649 322 775 378 τούτῳ
800 321 946 363 εἵλκετο
971 325 1026 375 τῷ
1051 324 1201 378 θαλλῷ.
1247 324 1287 362 4.
1313 320 1382 362 τὸν
1408 321 1459 375 δὴ
1478 320 1547 362 καὶ

167 389 292 430 πάλαι
323 388 444 441 φίλον
472 387 541 429 καὶ
566 394 644 429 νῦν
668 387 712 429 ἐν
737 395 784 446 τῇ
810 394 860 445 σῇ
886 388 956 441 νηὶ
981 391 1095 429 πλεῖν
1119 386 1308 442 ἑλόμενον
1333 387 1441 437 ἐλπίς
1466 386 1548 428 ἐστι

170 450 252 508 μετ’
281 454 484 507 εὐθυμίας
510 453 676 495 ἀνύσειν
702 454 772 495 τὸν
796 458 937 496 πλοῦν.

809 609 895 665 σιγ’.
1475 616 1523 652 W
1551 620 1621 653 218

644 692 880 754 Ἐλπιδίῳ.
922 703 1059 749 (3602)
1583 707 1601 735 ι

235 785 272 824 1.
305 781 442 823 Αὐτὸν
471 780 544 835 μὲν
569 778 683 822 οὔπω
707 779 778 821 τὸν
802 778 999 835 ἄργυρον,
1030 780 1077 821 τὰ
1103 778 1144 822 δ’
1164 779 1265 836 ὑπὲρ
1290 787 1361 822 τοῦ
1386 779 1548 834 ἀπειλη-

175 846 296 900 φὲναι
325 848 535 903 γράμματα
565 847 803 900 Ναυμάχιος
834 846 1013 900 ἔπεμψεν
1043 847 1099 888 ἔτι
1134 849 1261 901 ζητῶν
1293 846 1381 900 ἐμοὶ
1415 847 1550 888 δοκεῖν

171 912 408 969 ἄνθρωπον,
435 905 468 971 ᾦ
492 912 560 954 καὶ
586 916 755 968 θαρρεῖν
781 911 906 962 ἄξιον.
935 916 973 954 2.
993 912 1068 965 ἐγὼ
1095 912 1138 955 δὲ
1163 914 1464 967 αἰσχυνόμενος,
1489 913 1550 954 ὅτι

172 992 215 1021 σε
239 979 508 1035 εἰσέπραττον,
532 979 788 1033 εἰσέπραττον
813 979 888 1034 γὰρ
914 975 984 1020 ὑπ’
1008 978 1186 1035 ἀνάγκης
1211 986 1291 1021 τῶν
1316 978 1450 1035 ἀγρῶν
1471 985 1549 1020 νῦν

171 1045 261 1088 ἀντὶ
279 1053 351 1088 τοῦ
371 1046 529 1088 διδόναι
547 1044 807 1100 βουλομένων
825 1046 1058 1099 λαμβάνειν,
1079 1052 1164 1095 πῶς
1184 1045 1346 1099 ἔμελλον
1364 1045 1547 1101 προσθή-
1569 1059 1604 1084 ιο

172 1124 257 1154 σειν
282 1112 508 1166 ἐπιστολήν,
534 1112 578 1154 έν
603 1104 630 1171 ᾗ
654 1111 722 1153 καὶ
747 1118 828 1153 τῶν
852 1113 1065 1166 χρημάτων
1091 1111 1171 1153 ἔδει
1197 1116 1450 1166 μνησθῆναις
1475 1112 1548 1152 πά·

170 1195 223 1220 νυ
253 1178 329 1234 γὰρ
360 1178 591 1235 ἠρυθρίων,
622 1173 667 1220 εὖ
700 1179 807 1231 ἴσθι,
839 1178 907 1219 καὶ
935 1179 1160 1236 Ναυμαχίῳ
1193 1182 1323 1219 λαλῶν
1354 1177 1453 1232 ὑπὲρ
1478 1185 1549 1219 τοῦ

173 1245 438 1299 κομίσασθαι,
463 1245 531 1287 καὶ
556 1244 678 1287 οὐδέν
703 1260 746 1300 γε
772 1239 891 1298 ἦττον
916 1243 944 1299 ἢ
969 1245 1007 1286 εἰ
1023 1244 1202 1286 κλέπτων
1227 1261 1265 1286 τι
1283 1251 1363 1286 τῶν
1381 1240 1437 1292 ἐπ’
1455 1244 1549 1299 ἀγο-

171 1319 244 1366 ρᾶς
268 1311 466 1353 ἑαλώκειν.
512 1313 552 1352 3.
577 1310 632 1364 μὴ
659 1311 711 1364 δή
743 1327 811 1364 μοι
835 1311 950 1365 χάριν
975 1310 1076 1366 ἔχειν
1102 1318 1174 1352 τοῦ
1197 1310 1288 1366 περὶ
1312 1312 1383 1353 τὸν
1404 1310 1550 1366 χρόνον

174 1377 349 1432 μήκους,
374 1376 473 1418 ἀλλὰ
497 1378 740 1432 συγγνώμην
766 1377 826 1419 ὅτι
852 1378 907 1431 μὴ
932 1377 1034 1432 πρὸς
1059 1384 1253 1419 τοσοῦτον
1273 1376 1406 1433 ἕτερον
1425 1375 1547 1431 προῦ·
1570 1389 1603 1415 15

173 1445 275 1497 βην,
300 1446 450 1497 μᾶλλον
475 1442 519 1485 δὲ
551 1443 611 1485 ὅτι
646 1443 700 1497 μὴ
726 1442 838 1499 μέχρι
868 1446 1049 1497 τελευτῆς
1073 1442 1228 1498 ἐσίγων.
1263 1443 1373 1485 τουτὶ
1396 1443 1471 1498 γὰρ
1498 1439 1550 1497 ἦν

172 1510 322 1564 κόσμος
340 1509 428 1563 ἐμοὶ
440 1511 658 1564 βεβαιῶσαι
675 1510 750 1563 τὴν
769 1511 1003 1565 παροιμίαν,
1024 1506 1147 1551 οἶσθα
1165 1511 1205 1550 τί
1210 1527 1222 1562 ;
1247 1509 1442 1565 λέγουσαν
1460 1508 1551 1563 περὶ

172 1582 253 1618 τῶν
283 1574 413 1618 ὄντων
449 1580 533 1626 τοῖς
563 1577 708 1629 φίλοις.
754 1579 792 1616 4.
819 1575 846 1617 ἃ
872 1574 974 1629 <δὲ>
1000 1576 1244 1630 Μαρκιανὸς
1276 1577 1449 1630 διηγεῖτο
1481 1574 1549 1616 καὶ

173 1643 361 1698 δακρύειν
393 1640 499 1696 ἡμᾶς
529 1641 724 1697 ἠνάγκαζε
756 1641 824 1683 καὶ
854 1646 973 1698 γελᾶν
987 1653 995 1661 ·
1029 1642 1122 1691 τοὺς
1148 1641 1221 1696 μὲν
1245 1641 1320 1697 γὰρ
1344 1642 1548 1683 πεπονθό-

172 1725 242 1758 τας
272 1707 488 1762 ἠλεοῦμεν,
520 1707 542 1749 ὁ
575 1707 618 1750 δὲ
648 1708 770 1763 γέλως
795 1708 839 1750 ἐκ
863 1715 934 1762 τῆς
958 1715 1029 1749 τοῦ
1056 1709 1232 1763 δρῶντος
1256 1707 1548 1762 ἀσχημοσύνης.
1569 1720 1606 1747 ιο

174 1773 237 1815 σοὶ
269 1773 312 1816 δὲ
344 1774 402 1816 ὅτι
434 1775 647 1828 πολεμήσει
685 1775 789 1828 μάλα
820 1774 1072 1828 ἠπιστάμην·
1106 1770 1163 1824 εἷς
1187 1773 1263 1829 γὰρ
1289 1769 1326 1815 εί
1347 1781 1427 1815 τῶν
1452 1774 1549 1830 ἀγα-

247 1907 269 1939 4
304 1903 370 1939 VH
391 1902 441 1947 α’,
468 1902 566 1951 (ηδ’.
594 1904 649 1940 Va
673 1902 720 1950 γ’,
747 1902 812 1940 ια’.
846 1903 899 1940 Vo
925 1902 969 1949 γ’,
996 1902 1048 1939 ια’

248 2026 271 2059 5
297 2023 443 2059 Siovers
471 2027 516 2059 70
541 2025 621 2060 not.
640 2027 698 2060 45.
725 2023 845 2060 Seeck
873 2027 939 2059 171
955 2023 1016 2060 111.
1039 2026 1120 2060 372.
1148 2022 1316 2059 Silomon
1341 2025 1388 2059 48
1450 2026 1470 2058 7
1499 2023 1546 2059 ef.

178 2082 238 2118 ep.
252 2075 333 2108 158.
346 2075 454 2108 1331.
470 2075 574 2108 1323.
608 2071 726 2108 Seeck
742 2075 809 2107 171
876 2075 919 2108 17
942 2071 1144 2107 Salzmann
1165 2075 1210 2107 88
1281 2073 1326 2106 18
1345 2070 1464 2107 Seeck
1476 2074 1547 2107 203

252 2193 407 2240 Ιθαλῷ
429 2192 524 2229 VVa
545 2193 598 2238 Ιὸ
599 2204 616 2228 ε
637 2190 746 2227 Wolf
816 2195 837 2226 2
858 2189 1036 2236 ἑλόμενον
1062 2191 1118 2227 Va
1127 2192 1179 2228 Vo
1253 2194 1274 2226 3
1294 2190 1549 2238 μετευθυμίας

187 2195 271 2276 Val
318 2242 340 2274 6
365 2228 432 2276 τὀῦ
458 2239 592 2283 scripsi
625 2240 779 2275 auctore
804 2239 860 2276 Ro
902 2239 1039 2276 τούτου
1063 2238 1154 2275 libri
1181 2238 1288 2274 Wolf
1357 2243 1377 2275 7
1405 2238 1548 2286 ἔπεμψε

188 2287 224 2323 V
269 2290 290 2323 9
315 2293 388 2324 νῦν
413 2287 617 2324 dolendum
648 2289 778 2324 censet
802 2287 857 2323 Re
910 2290 954 2323 10
981 2286 1218 2333 βουλομένων
1250 2287 1385 2334 scripsi
1416 2290 1548 2324 aueto-

179 2346 221 2372 το
244 2334 301 2371 Re
373 2338 488 2382 ουλομ
491 2335 564 2385 ἐνῳ
593 2335 684 2372 libri
717 2335 783 2371 sed
818 2335 858 2370 in
884 2335 1112 2383 βουλόμενος
1137 2346 1220 2371 corr
1244 2334 1316 2371 Vo⁸
1369 2335 1548 2383 βουλόμε-

176 2395 244 2425 νος
270 2349 496 2420 Wof13
521 2373 559 2420 τί
582 2384 618 2420 V
648 2385 654 2429 Ι
695 2383 791 2429 ἐπαγ
770 2389 885 2429 γορᾶς
910 2384 967 2420 Va
1043 2388 1087 2419 15
1093 2382 1286 2438 προῦβην
1310 2384 1445 2430 scripsi
1470 2395 1491 2420 e
1517 2385 1553 2420 V

177 2431 222 2466 ut
245 2431 332 2467 coni
356 2431 412 2467 Re
454 2444 483 2467 π
484 2431 601 2480 ροῦβη
630 2433 683 2468 Va
694 2432 745 2469 Vo
765 2431 873 2468 Wolf
945 2434 988 2467 18
1021 2430 1063 2468 δὲ
1090 2430 1233 2468 inserui
1252 2443 1339 2467 cum
1365 2432 1436 2469 Vo⁸
1485 2443 1546 2468 om

182 2479 278 2515 VVa
301 2472 412 2516 Wolf
475 2484 519 2515 21
547 2481 592 2516 σὺ
619 2480 675 2515 Va
