1806 2964
278 222 369 264 460
867 221 1050 257 LIBANII

276 333 460 386 χαλινοὺς
485 331 728 385 ἀντιτείνειν,
752 327 798 373 εὖ
815 336 958 381 ποιεῖς·
984 332 1078 383 τοὺς
1099 332 1232 386 μέντοι
1252 336 1457 390 Μεγαρεῖς
1476 334 1533 383 εἰς
1551 335 1644 376 ἴσον

276 396 385 452 ἄγων
405 402 487 447 τοῖς
512 394 608 452 παρ’
634 397 727 450 ὑμῖν
747 397 796 439 οὐ
820 401 950 447 καλῶς
973 402 1116 448 ποιεῖς·
1143 399 1187 440 οἴ
1207 398 1278 452 μέν
1303 414 1347 454 γε
1372 399 1447 441 οὐκ
1471 399 1642 442 ἐκάλουν

278 463 331 513 ὡς
356 463 504 512 αὐτοὺς
529 464 599 505 τὸν
624 462 851 517 φαρμακόν,
875 463 923 504 τὰ
949 462 991 504 δὲ
1017 470 1096 504 τῶν
1121 460 1214 519 παρ’
1244 463 1343 518 ὑμῖν
1369 461 1502 506 οἶσθα.

205 591 253 626 W
282 594 374 626 1274
906 579 1013 636 υπβ’.

243 682 260 708 5
776 663 983 723 Ἀραξίῳ.
1034 676 1141 719 (356)

341 756 377 790 1.
409 750 492 802 Τὴν
511 749 584 803 μὲν
602 751 678 805 πρὸ
698 750 846 803 ταύτης
868 748 1080 803 ἐπιστολὴν
1104 751 1265 791 Βάσσου
1289 752 1429 800 παῖδες
1447 749 1646 804 ἐκόμιζον,

281 811 341 864 οἷς
372 815 550 869 λαμπρὸς
582 815 603 857 ὁ
629 816 776 870 πατήρ·
801 816 957 872 Μάλχῳ
984 814 1026 856 δὲ
1052 816 1177 873 τούτῳ
1202 823 1385 858 τοιοῦτον
1411 814 1483 897 μὲν
1507 815 1644 870 οὐδέν,

278 881 325 922 τὰ
351 880 440 922 δὲ”
419 897 544 931 οντως
569 881 703 936 ἀγαθὰ
729 881 837 922 πάνυ
861 881 1007 934 πολλά,
1032 882 1276 936 σωφροσύνη
1301 897 1340 923 τε
1364 881 1432 923 καὶ
1457 881 1643 924 ἐπιείκεια

278 947 346 988 καὶ
371 948 500 1002 λόγων
525 947 719 1000 ἐπιθυμία
743 946 811 987 καὶ
835 947 963 1002 λόγων
981 946 1153 1001 ἐργασία.
1186 942 1304 996 οὗτος
1329 946 1543 1001 ἐνοχλήσας
1569 946 1646 1001 μὲν

227 1028 262 1054 ιο
282 1012 366 1059 οὐκ,
386 1012 438 1053 ἂν
470 1008 515 1054 εὖ
546 1017 695 1054 παθεῖν
725 1011 910 1066 ἀξιώσαι,
941 1011 1090 1053 παθὼν
1122 1011 1164 1053 δὲ
1195 1007 1240 1053 εὖ
1270 1013 1464 1068 πρότερον
1493 1011 1546 1054 ἂν
1570 1019 1643 1055 τοῦ

279 1077 475 1131 ὀνόματος
507 1071 539 1134 ᾧ
570 1082 742 1120 καλεῖται
772 1076 799 1131 ἣ
824 1085 895 1131 τῆς
925 1078 1080 1133 χάριτος
1111 1077 1354 1120 ἐπιλάθοιτο.
1406 1082 1444 1120 2;
1470 1078 1575 1120 οὕτω
1600 1077 1647 1120 δέ

280 1143 359 1183 ἔστι
390 1142 587 1197 βέλτιστος
625 1140 735 1197 ὥστ’,
766 1143 902 1196 ἐπειδὴ
934 1142 1108 1201 δεομένῳ
1142 1144 1351 1198 γράμματα
1383 1146 1520 1198 λαβεῖν
1543 1143 1646 1199 πρὸς

281 1210 374 1258 τοὺς
398 1208 484 1251 ἐκεῖ
502 1225 569 1262 μοι
594 1209 820 1263 γνωρίμους
845 1208 964 1262 ἔφην,
990 1208 1050 1250 ὅτι
1073 1208 1141 1250 καὶ
1166 1209 1266 1264 πρὸς
1285 1208 1328 1251 σὲ
1353 1209 1484 1264 δώσω,
1506 1203 1645 1262 κύψας

280 1275 336 1324 εἰς
355 1281 432 1328 γῆν
451 1273 673 1329 ἠρυθρίασε
699 1281 789 1331 σιγῇ
815 1275 938 1328 δῆλον
962 1281 1091 1316 ποιῶν
1117 1274 1171 1324 ὡς
1189 1274 1391 1328 ἐπιθυμοῖ
1403 1273 1476 1328 μὲν
1494 1277 1646 1329 λαβεῖν,

227 1356 262 1381 η
281 1343 414 1392 μεῖζον
439 1340 482 1381 δὲ
507 1339 632 1381 αὑτοῦ
656 1340 700 1381 τὸ
725 1341 860 1393 λαβεῖν
884 1338 985 1395 ἄγοι.
1034 1338 1121 1382 κατ’
1149 1340 1245 1382 αὐτὸ
1271 1340 1322 1393 δὴ
1347 1347 1463 1382 τοῦτο
1497 1343 1648 1394 μᾶλλον

281 1405 407 1447 ἐδόκει
445 1421 512 1458 μοι
551 1407 702 1455 δίκαιος
739 1402 842 1446 εἶναι
872 1407 1020 1460 λαβεῖν,
1052 1406 1113 1447 ὅτι
1141 1406 1184 1447 τὸ
1216 1404 1356 1460 κέρδος
1388 1406 1464 1448 οὐκ
1497 1405 1645 1460 ἠγνόει.

284 1473 321 1511 3.
349 1471 418 1512 τὸν
444 1470 516 1524 μὲν
541 1466 618 1513 οὖν
642 1471 790 1525 τρόπον
813 1478 991 1521 τοιοῦτος
1024 1470 1123 1524 ἡμῖν
1148 1470 1169 1513 ὁ
1194 1472 1378 1525 Μάλχος·
1414 1471 1474 1513 ὅτι
1505 1470 1547 1513 δὲ
1577 1471 1646 1513 καὶ

281 1536 459 1590 εὐτυχής,
486 1538 607 1590 δηλοῖ
626 1537 668 1578 τὸ
687 1538 827 1591 παρόν.
864 1537 937 1590 τὴν
955 1537 1029 1592 γὰρ
1050 1537 1100 1590 δὴ
1125 1537 1252 1590 καλὴν
1277 1537 1394 1578 πόλιν
1420 1537 1475 1579 ἔτι
1499 1537 1647 1579 καλλίω

283 1602 425 1653 ὄψεται
450 1609 520 1656 τῆς
544 1604 660 1652 θείας
684 1602 882 1657 ἀρχούσης
908 1605 1098 1656 κεφαλῆς,
1122 1601 1148 1655 ἢ
1174 1603 1305 1644 πάντα
1332 1602 1405 1656 μὲν
1430 1604 1573 1658 εἰσάγει
1598 1603 1647 1644 τὰ

231 1684 266 1711 ²0
285 1669 443 1722 χρηστά,
467 1669 596 1709 πάντα
621 1667 664 1709 δὲ
690 1667 886 1718 ἐξελαύνει
911 1668 958 1709 τὰ
982 1669 1107 1722 χείρω.

356 1777 377 1806 4
412 1773 457 1808 Vl
483 1773 529 1817 γ’,
554 1771 647 1818 ροβ’.
682 1773 737 1807 Va
762 1771 804 1816 ε’,
830 1771 898 1818 qo‘

357 1873 376 1903 1
404 1868 499 1903 Plau.
525 1867 684 1903 Phaedr.
719 1879 756 1914 p.
778 1867 894 1903 25⁶A
947 1868 953 1915 Ι
1000 1866 1203 1903 Salzmann
1229 1871 1275 1903 3⁶
1367 1872 1388 1903 ὁ
1415 1867 1464 1904 cf.
1484 1878 1543 1913 ep.
1563 1870 1647 1903 408.

285 1914 430 1950 Sievern
458 1918 501 1950 78
527 1916 605 1951 not.
626 1918 682 1951 82.
710 1919 756 1952 84
780 1916 857 1951 not.
879 1917 938 1951 85.
965 1914 1084 1950 Seeck
1111 1918 1169 1952 83.
1197 1918 1266 1951 827
1354 1919 1375 1952 ⁶
1395 1926 1454 1961 op.
1474 1918 1546 1952 480
1566 1916 1573 1961 Ι
1594 1915 1641 1951 ef.

285 1973 342 2007 op.
362 1966 445 1999 483.
478 1962 597 1999 Seeck
623 1966 668 1998 96
743 1966 763 1997 7
790 1973 849 2009 ep.
870 1966 950 1999 488.
971 1966 1053 1999 484.
1087 1962 1233 1999 Sievers
1260 1965 1329 1999 193
1393 1966 1438 1999 18
1464 1962 1648 1999 Con-tnn-

284 2010 483 2055 tinopolin.
503 2011 549 2046 of.
570 2021 628 2056 ep.
649 2013 719 2046 480

359 2113 377 2142 1
405 2108 626 2143 ἀντιτεινειν
652 2106 692 2142 in
715 2116 825 2152 marg
850 2106 926 2142 add
958 2105 1015 2143 V’
1058 2116 1118 2141 om
1146 2106 1202 2143 Va
1221 2106 1230 2153 1
1252 2102 1334 2142 ἴσον
1345 2105 1454 2142 Wolf
1511 2109 1532 2142 2
1557 2105 1650 2152 ὑμῖν

288 2154 440 2199 reposui
461 2164 481 2190 e
495 2153 603 2190 libris
640 2153 690 2200 ὴμ
692 2160 730 2190 tv
748 2153 858 2190 Wolf
929 2157 951 2189 8
970 2153 1021 2195 ὡς
1043 2153 1195 2200 reposui
1215 2164 1237 2190 o
1254 2152 1363 2190 libris
1407 2166 1436 2190 π
1438 2150 1504 2199 ρὸς
1519 2152 1630 2190 Wolf

286 2202 425 2243 αὐτοὺς
458 2202 553 2238 VVa
577 2201 686 2238 Wolf
703 2203 709 2248 Ι
730 2201 820 2248 ἡμῖν
843 2201 899 2237 Ro
973 2205 1018 2238 10
1044 2200 1201 2245 ἀξιῶσαι
1225 2201 1284 2238 Va
1363 2204 1408 2237 12
1436 2201 1536 2237 ἐστιν
1561 2201 1618 2238 Vc

287 2249 379 2286 ὥστε
400 2250 456 2303 Va
479 2248 612 2295 Wolf!
634 2247 769 2295 δέομαι
795 2248 1039 2286 Ῡηᾶὶιιδεό
1040 2260 1244 2296 μενοςοοπ
1255 2248 1313 2285 m‘
1376 2252 1421 2284 14
1434 2247 1648 2304 ἠρυθρίασε

287 2296 422 2343 scripsi
447 2308 468 2333 e
494 2297 530 2333 V
566 2296 736 2343 ἠρυθρία
762 2297 817 2334 7α
842 2295 951 2333 Wolf
963 2297 974 2354 j
994 2297 1158 2342 ἐπιθυμιἵ
1159 2302 1177 2333 t
1199 2296 1235 2332 V
1298 2299 1343 2332 15
1362 2298 1489 2343 μεῖζον
1512 2296 1586 2333 sori
1613 2295 1647 2332 ni

288 2357 308 2380 e
337 2345 372 2381 V
396 2345 463 2380 ned
495 2355 514 2380 e
546 2343 698 2391 μείζονα
718 2355 801 2380 oon·
817 2344 875 2380 ιιι·
910 2347 1064 2391 μειζονα
1089 2345 1147 2381 Va
1170 2343 1282 2380 Wolf
1297 2346 1303 2391 Ι
1326 2344 1444 2381 αὐτοῦ
1469 2345 1526 2382 Va
1594 2343 1654 2380 015

337 2396 380 2428 17
405 2392 448 2429 τὸ
473 2390 542 2438 μὲν
569 2390 638 2429 οὖν
662 2391 847 2438 πρότερον
873 2393 931 2430 Va
1022 2395 1067 2428 18
1093 2390 1153 2428 ὅτε
1179 2392 1215 2429 V
1235 2391 1302 2428 ned
1326 2391 1368 2428 in
1393 2391 1448 2429 ἔτι
1471 2402 1555 2428 oon·
1577 2391 1648 2438 m‘,

296 2441 353 2523 ga
373 2439 555 2523 Ινῧάιλέιον
580 2441 636 2477 Va
699 2443 743 2476 19
769 2406 800 2485 ἢ
819 2440 876 2477 7α
948 2443 994 2476 20
1019 2439 1207 2484 ἐξελαύνει
1231 2439 1366 2486 scripsi
1391 2450 1411 2476 e
1433 2439 1470 2476 V
1499 2439 1649 2476 ἐλαύνει

327 2500 351 2524 a
426 2498 448 2523 0
