1806 2964
613 212 882 250 EPISTULA-E
908 216 1101 249 436-488
1223 217 1226 219 ’
1453 211 1540 254 431

808 335 908 390 υλη’.
1447 343 1498 380 w
1526 347 1621 380 1242

641 418 910 479 Ἀνατολίῳ.
963 432 1070 476 (355)

240 511 278 548 1.
304 506 378 548 Ἀεὶ
404 506 477 560 μὲν
502 506 622 562 ἔγωγε
647 506 722 559 τὴν
746 505 825 558 σὴν
849 504 1013 547 εὔνοιαν
1037 505 1229 561 ἠγάσθην
1247 503 1378 559 (τὴν)
1396 505 1454 554 εἰς
1478 503 1546 558 ἐμὲ

172 572 242 615 καὶ
267 572 343 614 οὐκ
367 569 475 627 εἶχον
499 577 720 626 πεισθῆναι
752 571 812 613 ὅτι
837 571 889 612 σὺ
913 578 1030 614 τοῦτο
1056 576 1184 621 ποιεῖς
1208 570 1298 626 οὐχὶ
1330 575 1443 613 θεῶν
1473 586 1546 612 του

173 645 405 692 κινοῦντος,
435 639 562 688 οὕτως
592 638 824 694 ὑπεραίρειν
847 637 1020 691 ἐφαίνου
1045 638 1200 687 πάντας
1230 637 1317 680 ὅσοι
1342 637 1545 690 φάσκουσι

173 708 324 756 φιλεῖν·
356 711 436 746 νῦν
467 702 511 746 δὲ
542 703 661 758 ὑπὲρ
686 702 741 744 τὰ
772 702 1064 757 ἐσκαμμένα,
1096 705 1235 758 φασίν,
1261 703 1445 752 ἐπεδείξω
1469 702 1545 756 τὴν

174 771 422 824 κηδεμονίαν
440 770 485 812 ἐν
510 766 570 820 οἷς
595 769 684 823 ἐμοὶ
709 768 782 823 μὲν
806 769 998 824 ἔγραψας,
1023 768 1079 819 ὡς
1104 770 1171 811 δεῖ
1181 785 1219 810 τι
1236 769 1346 824 παρὰ
1365 769 1545 823 Μάγνου

174 840 337 891 μαθεῖν,
361 836 499 894 ἐκείνῳ
525 834 568 878 δὲ
593 836 769 890 ἔφρασας
795 834 822 876 ἃ
847 836 914 876 δεῖ
931 835 1031 890 πρὸς
1056 833 1163 889 ἡμᾶς
1187 836 1324 877 εἰπεῖν.
1376 838 1416 876 2.
1440 833 1545 891 ἄλλῳ

173 900 247 955 μὲν
271 897 347 944 οὖν
372 901 535 956 ἀσαφὴς
565 900 617 943 ἂν
641 902 778 952 ἔδοξεν
807 900 971 956 ἅγγελος
1000 898 1123 955 εἶναι,
1153 901 1220 943 καὶ
1250 901 1328 957 γὰρ
1352 908 1545 944 τοσοῦτον

172 967 326 1024 ἤγγειλε
357 969 496 1023 μόνον,
522 966 576 1018 ὡς
606 968 656 1010 οὐ
681 968 749 1009 δεῖ
764 972 968 1009 κινεῖσθαι
992 969 1136 1022 μάτην,
1160 966 1228 1022 ἐμὲ
1253 967 1297 1010 δὲ
1321 968 1461 1010 ἔννοιά
1484 983 1544 1016 τις

173 1034 289 1088 ἔλαβε
307 1035 527 1088 Δωδώνης,
544 1033 614 1076 καὶ
632 1034 838 1076 σκοτεινὸν
856 1029 910 1087 ἦν
929 1033 1061 1076 οὐδέν.
1098 1037 1135 1076 3.
1161 1037 1320 1076 πολλῶν
1339 1030 1415 1076 οὖν
1433 1031 1544 1091 ᾤμην

173 1112 238 1142 σοι
262 1101 348 1142 δεῖν
371 1101 488 1155 χάριν
511 1099 671 1151 εἰδέναι,
695 1101 732 1142 εἰ
756 1100 808 1153 δὴ
828 1101 895 1141 δεῖ
905 1100 999 1150 τοὺς
1018 1099 1244 1156 ἐρωμένους
1261 1104 1344 1150 τοῖς
1363 1100 1545 1155 ἐρασταῖς

172 1165 322 1208 εἰδέναι
339 1167 469 1221 χάριν,
487 1173 558 1208 τοῦ
577 1181 618 1208 τε
637 1165 774 1222 φέρειν
793 1181 840 1220 με
858 1165 925 1207 ἐπὶ
942 1172 1015 1219 τῆς
1032 1173 1169 1221 ψυχῆς
1187 1165 1256 1207 καὶ
1274 1173 1346 1208 τοῦ
1365 1165 1546 1220 συμβού-

172 1234 317 1274 λεσθαί
332 1248 401 1286 μοι
418 1232 462 1274 τὸ
482 1231 538 1286 μὴ
556 1239 637 1274 τῶν
657 1233 816 1274 οἰκείων
830 1231 1038 1287 στέρεσθαι
1055 1232 1124 1274 καὶ
1141 1239 1213 1274 τοῦ
1233 1234 1397 1287 ζητῆσαι
1414 1238 1544 1283 τοῦτο,

173 1299 211 1340 εἰ
233 1299 422 1353 δυνατόν,
446 1298 515 1340 καὶ
538 1305 611 1341 τοῦ
635 1306 788 1354 γνῶναι
811 1299 1003 1352 μηνύσαι,
1022 1297 1076 1349 ὥς
1095 1299 1282 1341 δυνατόν.
1313 1301 1354 1340 4.
1372 1304 1451 1340 νῦν
1470 1295 1544 1352 μὲν

174 1359 249 1406 οὖν
259 1365 303 1406 ἐν
315 1363 415 1419 ἡμῖν
423 1365 560 1415 αὐτοῖς
569 1365 702 1420 θύρας
714 1364 920 1414 ἐπιθέντες
933 1363 1206 1420 ὁμολογοῦμεν
1215 1365 1289 1418 τὴν
1298 1365 1425 1419 χάριν,
1436 1364 1545 1413 ἐξου-

174 1431 262 1481 σίας
287 1429 331 1473 δὲ
356 1432 413 1481 εἰς
432 1431 503 1473 τὸν
521 1431 641 1486 λόγον
667 1431 858 1484 δοθείσης
875 1430 1128 1484 ἐμπλήσομεν
1146 1437 1225 1485 γῆν
1243 1430 1310 1472 καὶ
1329 1431 1545 1472 θάλατταν.

175 1499 214 1539 5.
227 1504 314 1547 πῶς
333 1491 408 1539 οὖν
427 1497 549 1547 αὐτὸς
561 1496 898 1550 ἀντεπιμελοῦμαί
914 1509 1008 1548 σου;
1029 1498 1065 1538 εἰ
1081 1497 1125 1540 τὸ
1146 1497 1219 1538 σὸν
1232 1496 1369 1553 ἑώρων
1381 1496 1459 1552 πρὸ
1473 1503 1546 1537 τοῦ

248 1628 267 1661 1
289 1626 341 1662 VI
361 1625 409 1672 γ’,
434 1624 528 1672 ρκη’.
563 1626 620 1662 Va
645 1624 687 1670 ε’,
712 1625 766 1662 va‘

245 1750 267 1782 2
294 1745 439 1782 Sievors
459 1749 505 1782 65
524 1748 602 1782 not.
624 1749 680 1782 18.
707 1745 827 1782 Seeck
852 1749 910 1782 61.
931 1750 1002 1781 822
1083 1749 1104 1782 6
1131 1745 1179 1782 of.
1200 1746 1249 1782 ad
1268 1747 1296 1782 t.
1317 1745 1369 1782 IV
1388 1749 1470 1791 863,
1485 1749 1545 1782 15.

173 1793 377 1830 Salamaun
397 1798 442 1830 66
519 1797 539 1829 ’1
559 1793 656 1831 Plat.
676 1804 755 1841 rep.
775 1794 810 1830 V
828 1806 863 1840 p.
884 1797 955 1830 463
966 1793 1011 1830 D.
1039 1793 1255 1840 Richteteig
1280 1797 1349 1830 124
1383 1796 1389 1842 Ι
1424 1794 1545 1831 Seeck

175 1845 244 1878 199
321 1846 363 1878 11
391 1841 529 1879 Zenob.
548 1841 583 1878 V
605 1846 649 1879 18
716 1845 762 1878 18
786 1841 880 1879 Xen.
907 1842 1019 1879 anab.
1039 1842 1091 1878 111
1112 1846 1145 1887 1,
1167 1846 1211 1879 16

247 1966 269 1998 3
293 1961 364 2008 τὴν
388 1962 532 1999 inserui
574 1973 636 1999 om
660 1962 750 1999 libri
768 1961 880 1999 Wolf
947 1965 970 1998 4
988 1968 1057 1999 τοῦ
1078 1963 1134 2000 Va
1207 1965 1229 1998 5
1248 1960 1425 2006 οὖτως-
1439 1966 1461 1998 6
1480 1976 1548 2009 φι-

172 2012 252 2047 λεῖν
283 2009 503 2056 praemissis
531 2009 656 2046 verbis
690 2008 733 2048 τὸ
767 2008 1045 2056 ὑπεραίρειν
1068 2039 1076 2047 .
1101 2037 1110 2047 .
1139 2038 1148 2047 .
1168 2010 1276 2055 παρὰ
1309 2010 1352 2046 δὲ
1386 2010 1547 2060 λιβανίῳ

174 2059 381 2104 αἰτιατικῇ·
418 2055 503 2095 οἷον
535 2058 632 2095 citat
665 2060 830 2105 excerpt.
865 2058 1030 2095 Dal-mut.
1067 2059 1149 2095 cod.
1179 2062 1275 2095 2778
1305 2058 1474 2095 fol.111=

175 2109 197 2142 5
223 2105 437 2153 φάσκουσιν
461 2107 519 2143 Va
592 2111 613 2142 6
639 2105 854 2154 ἐσκαμμένα
879 2106 915 2143 V
935 2107 1003 2144 sed
1028 2108 1112 2154 α(1)
1138 2117 1185 2142 ex
1211 2119 1229 2143 ε
1254 2118 1338 2143 corr
1361 2107 1420 2142 m⁸
1439 2109 1447 2154 Ι
1468 2120 1547 2153 φα-

176 2154 238 2191 σὶν
258 2155 295 2191 V
312 2153 380 2190 aed
404 2168 431 2191 α
456 2165 502 2191 ex
526 2168 550 2201 η
576 2165 659 2191 eon·
682 2154 740 2190 m⁴
820 2158 841 2190 '1
867 2154 968 2197 ἐνοτς
994 2155 1050 2191 Va
1089 2156 1095 2198 Ι
1134 2155 1218 2202 ἐμοὶ
1244 2155 1281 2192 V
1299 2155 1367 2191 sed
1392 2155 1430 2192 οὶ
1454 2166 1502 2192 ex
1527 2167 1545 2192 ε

175 2213 260 2239 oon·
281 2202 339 2238 m¹
377 2203 384 2249 Ι
428 2202 683 2250 παραμάγνου
709 2203 766 2239 Va
828 2206 874 2239 10
898 2202 1050 2250 ἤγγελλε
1071 2204 1108 2240 V
1146 2204 1153 2246 Ι
1199 2202 1331 2239 ἔννοιά
1349 2203 1504 2250 reposui
1523 2214 1545 2240 e

173 2249 282 2287 libris
307 2251 352 2287 ut
376 2251 462 2288 coni
481 2250 538 2288 Re
575 2250 707 2289 εὔνοιά
727 2249 835 2287 Wolf
918 2255 960 2287 11
989 2249 1111 2300 ᾤμην]
1137 2249 1231 2297 ὁμοῦ
1258 2252 1315 2288 Va
1413 2255 1458 2288 12
1485 2262 1548 2288 σοι

174 2309 235 2334 om
255 2300 312 2336 Va
332 2302 339 2345 Ι
360 2299 444 2335 δεῖν
468 2298 572 2336 inser
596 2299 646 2336 V⁴
688 2308 750 2336 om
778 2300 832 2336 Va
864 2299 871 2346 Ι
905 2299 1004 2336 ἰδεῖν
1029 2299 1087 2335 Va
1108 2300 1115 2345 Ι
1136 2298 1185 2346 δὴ
1210 2300 1273 2335 δεῖ
1295 2299 1412 2336 Vaod
1437 2311 1459 2337 ο
1486 2301 1548 2336 δεῖ

174 2345 223 2393 δὴ
248 2358 333 2384 corr
355 2347 413 2383 m⁴
486 2351 531 2383 13
551 2346 709 2394 μάλιστα
734 2346 777 2383 δὲ
803 2348 894 2383 ante
916 2353 984 2384 τοῦ
996 2348 1046 2394 (1)
1072 2346 1316 2383 inserendum
1341 2347 1428 2383 coni
1453 2347 1510 2383 Re
1535 2347 1545 2396 Ι

176 2404 221 2430 συ
272 2392 456 2432 οόλεσθαί
480 2396 517 2432 V
537 2396 604 2432 ned
629 2406 650 2431 e
676 2393 999 2443 συμβουλεύεσθαί
1023 2405 1107 2431 corr
1131 2395 1189 2431 m⁴
1246 2398 1290 2431 1⁶
1362 2401 1476 2432 νῦσαι
1489 2396 1546 2432 Va

175 2441 249 2478 Wo
302 2442 465 2480 fortasse
488 2444 592 2480 recto
625 2443 693 2480 ned
727 2442 777 2479 cf.
802 2443 852 2479 ad
883 2453 943 2490 ep.
975 2446 1034 2480 48.
1062 2445 1133 2480 ⁸6⁷
1209 2446 1253 2479 1'1
1314 2457 1335 2486 ς
1357 2445 1446 2490 pont
1480 2445 1548 2481 δο·

174 2488 308 2538 θείσης
338 2492 396 2529 Va
469 2494 515 2528 18
540 2491 586 2540 εἰ]
615 2491 668 2533 εἰς
693 2492 752 2529 Va

1583 650 1605 678 b

1565 981 1603 1008 10

1566 1310 1603 1338 18
