1806 2964
266 218 354 261 700
854 213 1037 251 LIBANH

191 337 241 372 W
268 340 336 373 ⁶87
899 324 1000 378 ψοξ.

731 409 994 467 ’Τπερεχίιμ
1046 419 1152 461 (362)

330 503 366 538 1.
390 492 593 554 Ἐπῄνεσά
619 508 694 537 σου
720 495 793 547 τὴν
817 495 998 549 γνώμην,
1021 490 1118 534 καθ’
1149 492 1200 545 ἢν
1227 499 1302 533 νῦν
1328 494 1432 534 οἴκοι
1457 492 1628 546 μεμένη-

266 575 355 613 κας·
381 569 524 617 καιροῦ
548 562 624 617 γὰρ
649 561 698 602 οὐ
725 565 896 614 μετεῖχεν
921 559 946 612 ἡ
973 558 1080 610 ὁδός,
1105 554 1198 612 μεθ’
1227 554 1276 599 οὗ
1301 559 1430 599 πάντα
1456 559 1540 599 δεῖν
1557 558 1629 600 καὶ

229 641 246 667 5
266 629 392 684 λέγειν
416 628 484 669 καὶ
509 628 692 680 πράττειν
717 625 883 674 παλαιὸς
901 626 1163 678 συμβουλεύει
1181 625 1306 678 λόγος.
1343 627 1381 665 2.
1408 623 1470 664 σοὶ
1488 625 1629 665 τοίνυν

266 695 551 748 συνεβούλευεν
578 693 599 734 ὁ
628 694 753 746 λιμός,
778 685 809 749 ᾧ
832 692 1013 732 παλαίειν
1031 691 1301 744 πορευόμενον
1321 689 1410 739 ἔδει,
1435 696 1627 744 κρατῆσαι

266 768 336 814 τῆς
360 760 578 812 ἐπιθυμίας
599 762 747 812 μᾶλλον
765 756 791 810 ἢ
811 757 919 806 ’ὅπως
938 756 1039 805 ἴδοις
1057 755 1122 808 ἐμὲ
1141 755 1311 810 τοσαύτῃ
1331 754 1629 807 συμπλέκεσθαι

265 825 525 881 ταλαιπωρίᾳ·
540 824 614 879 ἐγὼ
628 823 684 875 δέ,
695 821 814 876 εἰμὲν
833 821 981 875 τούμὸν
994 821 1206 873 ἐσκόπουν,
1218 820 1410 872 ἐπετίμων
1422 819 1473 860 ἅν
1492 832 1555 860 σοι
1569 819 1627 872 μὴ

266 891 334 933 καὶ
354 891 419 932 διὰ
444 891 571 945 πυρὸς
590 888 760 946 ἑλομένῳ
781 889 962 942 δραμεῖν·
990 895 1065 928 νῦν
1085 886 1139 932 δέ,
1164 886 1211 927 τὰ
1230 885 1280 926 σὰ
1298 885 1372 940 γὰρ
1393 885 1466 939 οὐχ
1483 885 1628 939 ὕστερα

215 967 250 994 ¹⁰
269 964 348 998 τῶν
373 957 545 1010 ἐμαυτοῦ
576 962 783 1008 ποιοῦμαι,
812 954 939 1006 καλὴν
969 951 1144 1007 ἡγοῦμαι
1169 951 1242 1004 τὴν
1267 951 1397 1004 μονὴν
1421 949 1488 991 καὶ
1512 950 1628 1004 χάριν

269 1023 356 1076 ἐμοὶ
391 1022 528 1076 φέρειν
559 1021 633 1074 οὐχ
665 1021 768 1074 ἥττω
798 1026 868 1072 τῆς
899 1025 972 1072 σῆς
1002 1017 1115 1070 θέας,
1146 1017 1205 1058 ὅτι
1239 1029 1280 1057 σε
1305 1016 1627 1066 κακῶν.ἐξείλετο

274 1090 438 1142 μυρίων.
479 1090 517 1128 3.
543 1093 615 1128 τοῦ
641 1084 683 1128 δὲ
716 1080 813 1140 ἦρος
838 1084 1142 1137 ὑπολάμποντος
1168 1081 1220 1136 ἣν
1253 1083 1342 1140 ἴδῃς
1366 1081 1440 1134 τὴν
1464 1087 1542 1136 γῆν
1567 1082 1628 1122 δι-

270 1152 519 1208 ηλλαγμένην
544 1153 643 1206 πρὸς
673 1149 777 1205 ἡμᾶς
808 1150 875 1192 καὶ
907 1150 979 1203 τὴν
1010 1148 1088 1203 πρὸ
1118 1155 1189 1190 τοῦ
1219 1147 1367 1203 θέρους
1401 1147 1509 1201 ὥραν
1533 1151 1650 1200 zon-⁴

269 1220 363 1260 στόν
387 1235 423 1259 τι
447 1217 537 1272 περὶ
561 1223 633 1259 τοῦ
657 1216 806 1272 θέρους
831 1217 1047 1269 δηλοῦσαν,
1071 1214 1128 1263 εἰς
1151 1214 1267 1268 ἔργον
1290 1212 1359 1268 ἄγε
1383 1212 1458 1266 τὴν
1482 1212 1628 1253 ἐπιθυ-

215 1294 249 1321 1⁶
274 1286 384 1338 μίαν.
428 1284 521 1336 ὄψει
546 1283 621 1338 γὰρ
645 1288 790 1324 ποθῶν
813 1286 1034 1323 ποθοῦντα.
1074 1283 1114 1320 4.
1138 1280 1330 1328 ποθεινὸς
1355 1278 1398 1320 δέ
1424 1294 1491 1331 μοι
1514 1277 1628 1332 γέγο-

269 1367 342 1399 νας
376 1350 454 1393 ἀπὸ
488 1357 559 1404 τῆς
591 1351 706 1402 νίκης
741 1347 794 1401 ἣν
827 1347 1011 1399 ἐνίκησας
1046 1346 1168 1400 λέγων
1184 1375 1196 1396 ,
1228 1346 1346 1401 διπλῇ
1381 1345 1450 1385 τὸν
1479 1343 1629 1397 πατέρα

271 1416 489 1470 κοσμήσας,
513 1420 566 1474 τῷ
591 1430 631 1456 τε
655 1415 841 1469 κρείττων
864 1412 1051 1468 γενέσθαι
1075 1418 1154 1452 τῶν
1179 1411 1280 1452 ἑλεῖν
1305 1408 1559 1463 πειρωμένων
1577 1412 1633 1464 τῷ

269 1497 308 1522 τε
339 1481 395 1534 μὴ
428 1481 495 1522 διὰ
520 1482 664 1533 φίλων,
694 1479 792 1520 ἀλλὰ
817 1486 864 1535 τῇ
897 1484 1046 1519 σαυτοῦ
1077 1477 1237 1533 γλώττῃ.
1274 1478 1313 1516 5.
1338 1483 1408 1517 τοῦ
1435 1475 1628 1530 τροπαίου

271 1545 312 1587 δὲ
338 1546 494 1601 ἄγγελοι
518 1546 655 1587 πολλοὶ
681 1545 766 1598 με’-ν,
791 1544 877 1598 ἐμοὶ
902 1543 944 1585 δὲ
969 1543 1156 1596 ἀμείνους
1181 1543 1223 1583 οἱ
1244 1542 1319 1583 σὺν
1343 1540 1470 1597 ἡδονῇ
1496 1540 1627 1593 μηνύ-

219 1621 258 1649 80
277 1628 400 1665 οντες,
429 1611 672 1659 Σουλπίκιός
697 1626 734 1651 τε
753 1610 818 1651 καὶ
839 1609 911 1659 οὓς
930 1610 1108 1662 ἔπεμψας
1128 1607 1340 1660 ἀδελφούς,
1367 1603 1426 1655 οἷς
1452 1603 1485 1646 τ’
1514 1604 1629 1647 εὐδο-

271 1679 442 1731 κίμησας
467 1674 528 1727 οἷς
552 1693 590 1718 τε
616 1675 820 1734 παρῄνεις,
851 1677 892 1716 οἳ
915 1674 1065 1728 μισθὸν
1090 1669 1146 1714 ὧν
1171 1673 1413 1728 ἀπήγγειλαν
1440 1671 1629 1724 εἰλήφασι

273 1745 315 1786 τὸ
340 1742 627 1800 προθυμοτέρῳ
654 1758 722 1795 μοι
746 1745 920 1795 χρῆσθαι
944 1740 1033 1794 περὶ
1058 1740 1150 1789 τοὺς
1173 1738 1325 1793 λόγους.
1364 1738 1490 1786 οὕτως
1515 1736 1565 1777 οὗ
1584 1735 1628 1777 σὲ

273 1810 399 1862 μόνον
429 1804 474 1850 εὖ
507 1813 638 1849 ποιεῖν
670 1803 779 1860 οἶμαι
813 1807 911 1860 δεῖν,
943 1805 1040 1847 ἀλλὰ
1071 1805 1136 1846 καὶ
1168 1801 1227 1853 οἷς
1251 1804 1376 1857 ἐνορῶ
1400 1802 1500 1856 πρὸς
1525 1801 1567 1842 σε’
1591 1817 1630 1842 τι

272 1876 449 1928 φίλτρον.
494 1876 531 1914 6.
564 1870 650 1914 ἀλλ’
686 1873 708 1914 ὅ
732 1888 775 1927 γε
809 1872 882 1926 ἔχω
915 1871 1142 1924 θαυμάσας,
1172 1871 1212 1911 τί
1236 1870 1393 1923 μαθών,
1419 1864 1450 1908 ὦ
1474 1866 1630 1922 χρηστέ,

345 2031 363 2061 1
399 2027 465 2063 V11
486 2025 534 2073 β’,
558 2024 647 2071 ooy'.
677 2025 731 2061 Va
754 2024 795 2069 ἴ,
822 2022 912 2069 (³55-
947 2023 997 2059 Vo
1021 2021 1091 2068 (ζ),
1117 2019 1205 2067 ‘’50'-
1234 2020 1368 2057 Mo.S
1390 2019 1435 2065 γ’,
1461 2018 1520 2066 ιβ’

343 2185 364 2216 2
392 2179 533 2216 Sievers
555 2183 636 2223 258,
656 2183 689 2215 6.
710 2178 828 2215 Seeck
849 2180 928 2213 182.
942 2180 1012 2212 39⁵
1063 2179 1083 2211 5
1104 2176 1150 2211 ef.
1169 2177 1196 2211 t.
1216 2173 1267 2209 IV
1285 2176 1368 2219 486,
1382 2177 1413 2208 2.
1430 2172 1629 2208 Salmann

274 2231 318 2264 73
368 2232 389 2264 6
416 2228 464 2263 cf.
484 2238 542 2274 ep.
564 2230 644 2263 ⁷85.
672 2225 789 2263 Seeck
815 2228 884 2262 388
936 2229 978 2260 11
1005 2223 1050 2260 cf.
1075 2234 1132 2269 ep.
1154 2225 1223 2259 803

345 2374 366 2405 3
393 2376 464 2407 νῦν
494 2371 596 2406 inser
622 2370 681 2406 V⁴
729 2379 790 2405 om
815 2368 845 2405 S
926 2371 948 2402 4
974 2368 1035 2402 δεῖ
1057 2366 1085 2403 S
1163 2315 1378 2411 ἔρνόῗιζῗδ
1451 2366 1470 2398 7
1497 2361 1580 2445 ἴδῃς
1597 2345 1633 2397 Ι8

272 2418 380 2455 Wolf
461 2421 505 2454 10
530 2418 647 2454 καλὸν
671 2417 701 2453 S
773 2420 814 2452 11
842 2418 938 2456 θεᾶς
964 2414 1079 2451 VaVo
1160 2416 1206 2449 22
1231 2410 1510 2459 προθυμωτέρφ
1575 2409 1633 2445 Va

274 2466 380 2503 Wolf
423 2468 470 2501 24
496 2464 626 2512 ἀλλόγε
651 2465 709 2500 Va
