1806 2964
687 209 957 247 EPISTULAE
984 214 1125 247 28—31
1229 244 1232 246 μ
1540 210 1597 253 27

888 322 932 365 λ’.
1532 331 1581 367 w
1602 335 1647 367 29

672 412 871 465 Δημητρ
882 409 948 468 ίῳ.
982 407 1152 465 (358]59)

285 498 322 535 1.
338 490 452 536 Ἔδει
480 493 556 549 γὰρ
581 493 649 535 καὶ
673 495 838 551 τοιαύτη
866 498 1092 548 τιμηθῆναι
1116 501 1210 551 τιμῇ
1230 495 1340 550 παρά
1365 511 1403 537 τε
1429 502 1504 537 σοῦ
1530 496 1599 537 τὸν

221 559 399 612 ἀδελφὸν
422 560 533 615 παρά
556 575 596 602 τε
628 559 727 614 ἐμοῦ
758 560 828 602 τὸν
859 562 992 608 φίλον.
1031 562 1201 616 δυσχερῆ
1237 561 1282 603 δέ
1312 574 1377 604 σοι
1409 561 1600 617 γενέσθαι

220 626 291 669 τὸν
316 622 378 668 ἐπ’
401 626 539 685 ἐκείνῳ
558 626 703 681 χρόνον
729 626 778 668 οὐ
803 631 964 681 θαῦμα·
989 627 1057 670 καὶ
1080 627 1156 683 γὰρ
1181 628 1249 670 καὶ
1274 628 1320 670 τὰ
1339 628 1396 683 μὴ
1415 629 1506 671 λίαν
1531 628 1598 670 ἀλ-

221 693 333 748 γεινὰ
358 697 442 743 τοῖς
469 688 546 735 ὧδε
571 693 707 748 ἔχουσι
730 694 891 748 χαλεπά.
932 698 970 736 2.
997 701 1076 736 νῦν
1105 689 1180 736 οὖν
1211 694 1348 749 ἐπειδὴ
1381 702 1452 750 τῆς
1477 696 1601 752 δρυὸς

221 759 423 814 ἀφέμενος
454 759 522 818 ἔχῃ
553 766 634 801 τῶν
664 767 824 816 πυρῶν,
860 761 966 803 οὕτω
996 761 1072 817 γὰρ
1106 761 1174 803 καὶ
1209 762 1329 812 αὐτὸς
1364 762 1600 813 ἀπεικάζεις,

222 826 372 880 ἕψομαι
399 827 443 869 τὸ
469 825 542 880 μὲν
567 828 825 880 μιμούμενος,
850 827 895 869 ἕν
914 826 958 869 δὲ
982 832 1037 887 τῷ
1053 829 1285 882 νικώμενος.
1317 828 1500 883 ἡκόντων
1525 829 1600 885 γὰρ

222 893 380 935 ἐκεῖθεν
405 894 648 948 γραμμάτων
672 893 740 935 καὶ
758 894 913 947 μέλιτος
931 894 1101 950 γράφων
1127 894 1200 948 μὲν
1219 896 1307 937 ἴσον
1333 912 1370 937 τι
1388 903 1492 938 ποιῶ
1518 900 1600 944 τοῖς

222 961 465 1016 γράμμασιν,
498 960 520 1002 δ’
544 976 580 1001 τι
605 956 644 1000 δ’
667 958 719 1002 ἂν
742 960 831 1002 ἀντὶ
855 968 927 1003 τοῦ
955 962 1088 1017 δώρου
1115 961 1269 1016 γένοιτό
1295 975 1359 1004 σοι
1378 964 1505 1016 ζητῶν
1525 963 1598 1016 οὐχ

221 1022 342 1081 εὗρον
366 1027 473 1079 πλὴν
493 1027 589 1068 ὅσον
606 1026 811 1068 ἐπαινέσαι
828 1027 872 1069 τὸ
898 1028 1041 1083 δῶρον.
1075 1029 1124 1070 οὐ
1147 1028 1224 1085 γὰρ
1250 1029 1379 1083 ὄνομα
1402 1028 1531 1079 ἄλλως
1556 1030 1599 1071 τὸ

220 1089 411 1146 Ἀττικόν,
430 1088 515 1133 ἀλλ’
538 1092 709 1148 ἀτεχνῶς
727 1092 808 1136 ἀπὸ
835 1100 915 1135 τῶν
940 1093 984 1135 ἐν
1003 1090 1178 1153 Ὑμηττῷ
1208 1096 1348 1138 πόνων
1373 1095 1445 1146 οὓς
1476 1096 1520 1138 ἐν
1546 1101 1600 1153 τῷ

224 1158 306 1215 ὄρει
336 1165 535 1201 πονοῦσιν
566 1161 613 1201 αἱ
639 1158 822 1213 μέλιτται.
855 1167 1038 1203 τοιοῦτον
1063 1160 1107 1204 δὲ
1137 1161 1186 1204 ὃν
1217 1163 1325 1216 ὅμως
1356 1162 1498 1216 ἡττᾶτο
1530 1169 1601 1216 τῆς

220 1224 375 1280 ἡδονῆς
404 1221 454 1279 ἧς
485 1224 592 1280 ἡμᾶς
617 1226 660 1267 ἐν
685 1223 748 1277 οἷς
772 1226 993 1277 ἐπέστελλες
1017 1227 1191 1283 ἔγευσας.

871 1344 943 1390 λα’.

709 1454 900 1464 ......
935 1427 1070 1469 (3629)

284 1510 304 1546 1
346 1504 483 1559 ἐπειδὴ
509 1506 618 1560 παρὰ
649 1506 724 1559 τὴν
758 1505 886 1561 ἀρχὴν
917 1506 1057 1562 ἐγένου
1089 1512 1172 1558 τοῖς
1196 1509 1394 1559 Γαλάταις
1419 1509 1441 1552 ὁ
1463 1506 1599 1551 Ῥαδά-

220 1576 398 1625 μανθυς,
422 1571 491 1614 καὶ
515 1571 758 1631 πεπαυμένῳ
783 1580 855 1627 τῆς
880 1573 1002 1629 ἀρχῆς
1028 1573 1132 1628 μέλει
1164 1587 1228 1616 σοι
1259 1578 1460 1617 Γαλατῶν.
1499 1576 1599 1617 ’ὅθεν

293 1692 311 1723 1
347 1688 414 1728 711
439 1687 489 1734 α’,
514 1689 583 1737 κγ’.
620 1690 670 1726 Vo
695 1689 746 1735 α’,
773 1691 834 1734 ιζ’.
861 1691 891 1728 S
938 1719 948 1736 ‚
975 1690 1044 1738 κγ’.
1075 1692 1120 1727 7ι“
1144 1691 1213 1735 ξς’.
1239 1704 1286 1738 pr
1345 1696 1390 1729 15
1418 1693 1453 1730 G
1472 1692 1538 1729 fol.
1552 1696 1598 1728 85

219 1736 317 1772 inter
342 1747 402 1783 ep.
424 1740 470 1773 28
497 1739 536 1774 οὓ
555 1741 611 1773 32.
637 1738 742 1774 edidi
775 1750 862 1776 ann.
891 1751 917 1786 p
949 1739 983 1775 ·l.
1007 1739 1239 1776 Fleckeisen.
1263 1744 1368 1785 1876,
1388 1745 1458 1777 501

292 1850 312 1881 2
339 1846 486 1883 Sievers
515 1850 560 1884 79
588 1850 664 1884 not.
691 1851 749 1884 49.
783 1848 902 1885 Seeck
925 1852 1004 1885 117.
1031 1852 1113 1885 353.
1142 1849 1310 1886 Silomon
1330 1853 1377 1886 20
1460 1854 1482 1885 4
1508 1849 1597 1886 Hie-

222 1894 362 1931 roclem
393 1895 440 1930 cf.
475 1907 533 1942 ep.
562 1899 620 1932 33.
660 1895 757 1933 Plat.
786 1896 888 1935 Crito
920 1901 967 1934 45
994 1897 1023 1932 B
1046 1898 1052 1944 Ι
1074 1898 1359 1934 Aristaenetum
1416 1902 1436 1933 6
1470 1897 1516 1934 cf.
1548 1898 1598 1933 ad

218 1945 244 1979 t.
262 1942 315 1979 III
333 1946 415 1987 449,
437 1947 459 1979 4
537 1947 579 1980 11
601 1944 650 1983 cf.
670 1955 730 1992 ep.
751 1949 808 1982 41.
834 1947 862 1982 t.
883 1945 952 1981 VII
970 1949 1054 1991 489,
1070 1949 1115 1982 10

291 2057 312 2088 2
339 2058 389 2089 τῶ
416 2052 519 2089 αὐτῶ
552 2054 590 2100 (i.
617 2065 649 2090 e.
677 2053 896 2102 Δημητρίῳ)
930 2055 978 2092 Vi
1064 2060 1084 2091 3
1112 2067 1203 2091 num
1231 2061 1278 2103 τῇ
1306 2056 1401 2103 αὐτῇ
1432 2055 1599 2093 seriben-

220 2100 340 2137 dum?
363 2103 368 2147 Ι
390 2104 579 2149 τιμᾶσθαι
605 2102 679 2138 edd
701 2104 707 2149 Ι
730 2109 815 2151 σιγῇ
832 2104 886 2141 7ο
905 2115 951 2150 pr
1001 2107 1022 2139 6
1049 2103 1212 2152 χαλεπά]
1239 2104 1387 2151 λυπηρὰ
1411 2105 1456 2141 Vi
1498 2108 1518 2140 7
1533 2105 1598 2141 καὶ

221 2160 283 2185 om
302 2149 412 2186 Wolf
482 2152 504 2186 8
530 2148 674 2198 ἕψομαι
702 2152 753 2188 7ο
779 2151 846 2188 sed
872 2151 889 2188 ἑ
916 2163 961 2188 ex
989 2151 1007 2189 ὀ
1034 2163 1117 2188 corr
1141 2152 1200 2188 m*
1261 2156 1283 2188 9
1310 2149 1393 2189 ἶσον
1420 2154 1473 2190 7ο
1499 2152 1595 2202 edd!

219 2203 300 2239 τοῖς
327 2197 544 2245 γράμμασιν
568 2209 629 2235 om
654 2199 685 2237 S
697 2201 744 2237 Vi
806 2204 851 2236 10
871 2198 930 2237 ὅτι
963 2201 1057 2238 Vos
1074 2203 1080 2247 Ι
1103 2198 1153 2237 ἂν
1178 2212 1239 2237 om
1265 2213 1311 2248 pr
1337 2202 1343 2249 Ι
1364 2207 1432 2238 τοῦ
1458 2212 1520 2237 om
1554 2202 1600 2238 Vi

222 2250 267 2281 13
293 2247 461 2292 μέλισσαι
487 2246 516 2283 S
528 2248 576 2284 7ι’
621 2250 627 2295 Ι
684 2254 834 2286 τοιοῦτο
868 2249 906 2286 7
953 2251 959 2295 Ι
1025 2249 1161 2295 ἡττᾶτο
1195 2249 1248 2286 7ο
1273 2250 1340 2286 sed
1366 2261 1412 2286 ex
1437 2249 1531 2296 ἡττᾶ
1556 2249 1598 2287 τὸ

220 2304 303 2330 corr
328 2295 386 2331 m⁴
461 2299 507 2332 14
532 2296 632 2342 ὑμᾶς
662 2297 710 2333 Vi
748 2298 754 2344 Ι
785 2298 827 2334 ἐν
852 2307 915 2333 om
946 2298 994 2334 Vi
1057 2301 1101 2333 16
1124 2295 1320 2346 Ἀνατολίφ
1346 2298 1481 2344 scripsi
1507 2299 1596 2335 olim

222 2344 325 2390 (ann.
346 2343 579 2380 Fleckeisen.
601 2348 707 2389 1876,
728 2347 825 2392 501),
843 2344 1009 2396 Μαξίμῳ
1028 2357 1129 2382 nunc
1149 2346 1396 2393 praetulerim
1416 2347 1464 2384 cf.
1479 2346 1597 2383 Seeck

221 2394 290 2427 20⁷
311 2391 364 2428 VI
438 2395 481 2428 17
503 2394 542 2428 et
561 2396 620 2438 28,
635 2397 653 2428 1
680 2393 787 2439 παρὰ
812 2393 948 2440 scripsi
992 2395 1081 2440 περὶ
1108 2394 1144 2431 G

292 2491 313 2523 2
326 2486 458 2535 ἀρίστη
470 2488 510 2524 in
523 2499 634 2535 marg
641 2489 715 2526 Vo'
754 2495 776 2526 4
788 2488 975 2538 ἀδελφὸν]
987 2472 1056 2527 τὸν
1074 2489 1337 2538 ἀρισταίνετον
1351 2503 1528 2538 suprascr
1545 2493 1598 2528 Vo

1638 642 1654 669 5

1619 976 1656 1002 1⁰

1621 1369 1654 1396 1⁸
