1806 2964
280 241 367 283 262
870 239 1053 275 LIBANII

278 355 451 405 χαλκοῦν
476 350 519 393 δὲ
539 347 763 403 Ἀθήνησιν
788 350 987 403 ἑστηκότα.
1027 354 1065 391 2.
1091 351 1134 392 τὸ
1160 349 1202 391 δὲ
1227 350 1324 392 αὐτὸ
1349 350 1417 392 καὶ
1440 350 1531 403 ἐμοί
1552 366 1641 391 τινα

278 416 398 470 τιμὴν
417 417 515 458 οἴσει
526 421 579 474 τῷ
595 416 909 471 παρακεκληκότι
927 415 995 456 καὶ
1014 415 1142 464 δόξεις
1159 417 1213 472 τῷ
1235 414 1307 469 μὲν
1328 414 1420 457 οὐδὲ
1441 416 1640 471 γράψαντι

279 483 522 537 χαρίζεσθαι,
545 482 746 537 γράψαντι
772 480 815 522 δὲ
841 480 928 534 ἐμοὶ
951 480 1272 536 προσεσχηκέναι.

208 645 257 679 W
277 648 352 683 2⁷⁹
916 633 1010 682 σος’.

245 736 260 761 5
756 718 1001 776 Μοδέστῳ.
1035 723 1169 766 (361?)

343 807 378 844 1.
394 801 481 844 Ὅτι
506 818 574 856 μοι
598 802 703 855 μέλει
727 803 966 843 Δουλκιτίου
991 802 1112 843 πάλαι
1137 803 1341 857 τυγχάνεις
1367 802 1493 850 εἰδώς.
1519 801 1641 842 πάλαι

279 869 355 924 γὰρ
381 868 471 921 ἐμοί
494 872 532 910 τε
558 866 658 922 ὑπὲρ
684 868 800 909 τοῦδε
825 867 925 922 πρὸς
949 865 991 908 σὲ
1010 867 1240 922 γεγένηνται
1259 867 1412 920 δεήσεις
1437 865 1544 922 παρὰ
1570 873 1643 908 σοῦ

281 950 320 975 τε
340 935 490 988 χάριτες
509 934 565 982 εἰς
583 931 700 987 ἡμᾶς.
726 934 859 974 δίκαια
877 932 952 987 γὰρ
972 933 1190 974 αἰτούντων
1209 932 1284 974 οὐκ
1303 928 1400 986 εἶχες
1422 931 1631 973 ἀνανεύειν

281 1000 433 1041 οὐκοῦν
467 998 561 1041 οὐδὲ
592 1005 670 1040 νῦν
700 997 950 1050 ἀνανεύσεις,
985 997 1068 1039 ἐπεὶ
1104 997 1171 1039 καὶ
1208 998 1330 1039 ταῦτά
1361 997 1466 1038 ἐστιν
1505 996 1531 1037 ἃ
1565 1003 1643 1038 νῦν

230 1082 263 1107 ιο
282 1066 470 1118 αἰτοῦμεν
489 1066 634 1106 δίκαια.
668 1067 705 1105 2.
726 1063 870 1118 μικρὰν
890 1063 961 1116 μέν
980 1076 1082 1116 φησι
1099 1064 1230 1118 χώραν
1252 1063 1341 1118 περὶ
1359 1063 1433 1116 τὴν
1451 1061 1643 1117 Βέρροιαν

282 1134 483 1185 γεωργεῖν,
507 1130 636 1171 πολὺν
662 1129 704 1171 δὲ
730 1134 839 1171 σῖτον
870 1128 1128 1183 ἠναγκάσθαι
1159 1132 1324 1182 πωλεῖν,
1349 1128 1579 1173 ἀδικεῖσθαι
1604 1126 1646 1168 δὲ

282 1196 362 1237 ὑπὸ
387 1202 467 1236 τῶν
492 1195 777 1244 ἐξαπατώντων
807 1194 874 1235 καὶ
904 1194 952 1236 τὰ
985 1193 1058 1248 μὲν
1089 1194 1362 1249 κρυπτόντων,
1387 1193 1435 1235 τὰ
1461 1192 1502 1234 δὲ
1527 1196 1646 1234 πλατ-

283 1262 450 1313 τόντων,
482 1260 529 1301 τὰ
561 1259 603 1302 δὲ
635 1259 977 1314 ὖπερπηδώντων,
1009 1259 1056 1300 τὰ
1081 1259 1124 1302 δὲ
1148 1259 1363 1313 αἰρόντων,
1388 1258 1434 1299 τὰ
1460 1257 1503 1300 δὲ
1527 1258 1646 1312 μικρὰ

284 1331 337 1383 τῷ
372 1327 474 1384 λόγῳ
505 1327 743 1367 ποιούντων.
782 1327 814 1366 3.
852 1321 972 1367 ταῦθ’
1003 1325 1091 1378 ἥκει
1122 1326 1295 1374 διδάξων
1331 1324 1397 1365 καὶ
1434 1324 1646 1378 βοήθησον

230 1408 264 1434 15
285 1392 404 1448 αὐτῷ.
436 1393 625 1433 δικαστοῦ
651 1390 693 1432 δὲ
718 1389 857 1432 εὔνοια
882 1390 979 1446 μέγα
1003 1389 1071 1431 καὶ
1095 1394 1178 1439 τοῖς
1205 1389 1345 1444 ἰσχυρὰ
1369 1388 1562 1444 λέγουσιν.

214 1554 260 1588 w
286 1557 357 1590 280
923 1543 1004 1595 σοξ

769 1632 837 1685 Τῷ
862 1629 999 1685 αὐτῷ.
1033 1632 1164 1675 (3612)

350 1717 386 1754 1.
408 1709 452 1754 Ὁ
476 1713 599 1754 καλόν
625 1728 692 1765 μοι
723 1712 767 1753 τὸ
798 1710 971 1763 θέατρον
1002 1718 1130 1753 ποιῶν
1161 1710 1371 1766 Μεγέθιός
1401 1711 1506 1752 ἐστιν
1532 1709 1553 1752 ὅ
1579 1710 1650 1765 ῥή-

287 1789 375 1834 τωρ·
403 1779 479 1835 βοᾷ
511 1777 584 1832 γὰρ
617 1781 852 1830 τηλικοῦτον
890 1776 985 1818 ὅσον
1010 1775 1120 1818 ἄλλοι
1151 1776 1397 1829 πεντήκοντα
1427 1775 1494 1817 καὶ
1525 1775 1648 1832 τούτῳ

231 1859 267 1886 20
287 1859 329 1898 γε
362 1844 551 1892 πολλάκις
582 1843 650 1884 τὸν
676 1842 838 1897 λέγοντα
863 1843 1008 1894 ἔστησε.
1051 1841 1150 1896 μέγα
1175 1841 1235 1892 δέ,
1261 1838 1390 1894 οἶμαι,
1414 1845 1468 1898 τῷ
1498 1839 1650 1895 λέγοντι

288 1909 440 1964 θερμὸς
465 1907 661 1962 ἀκροατὴς
686 1908 864 1961 θαύματι
896 1908 1122 1950 διακόπτων
1154 1913 1225 1948 τοῦ
1250 1907 1370 1961 λόγου
1394 1906 1463 1947 τὸν
1489 1906 1649 1961 δρόμον.

313 2058 322 2070 ’
360 2016 382 2047 4
402 2013 492 2095 ‘VIII'
507 2010 675 2071 &3⁶an-
704 2011 757 2048 Va
781 2010 828 2057 γ’,
853 2010 921 2047 οδ’.
957 2011 1009 2047 Vo
1028 2010 1074 2057 γ’,
1099 2010 1158 2046 οδ’
1228 2013 1272 2045 16
1306 2010 1372 2049 Vn
1395 2009 1445 2055 α’,
1470 2008 1568 2045 σνθ’.
1596 2010 1652 2045 Va

288 2074 309 2104 y
325 2088 334 2102 ,
360 2073 400 2095 οε
415 2087 423 2095 .
488 2070 509 2095 ο
534 2073 579 2104 γ,
606 2071 646 2095 οε

363 2158 383 2190 5
411 2154 529 2191 Seeck
555 2158 634 2190 214.
662 2157 744 2189 377.
772 2152 939 2189 Silomon
964 2156 1010 2189 48
1074 2157 1094 2188 6
1115 2152 1259 2188 Sievers
1280 2156 1346 2188 12⁷
1366 2154 1512 2188 not.15.
1533 2151 1651 2188 Seeck

288 2201 411 2285 ἒΞξὸἕ
465 2206 506 2237 17
535 2201 653 2238 Seeck
677 2204 759 2237 214.
781 2204 860 2237 377.
889 2200 1057 2236 Silomon
1082 2203 1129 2237 48
1193 2203 1237 2236 18
1258 2199 1375 2236 Seeck
1400 2203 1468 2235 211
1544 2203 1588 2235 19
1607 2198 1650 2234 11.

365 2349 382 2380 1
411 2343 589 2390 ἑστηκότα
616 2344 671 2380 Va
691 2343 758 2379 ned
777 2343 939 2388 evanuit,
983 2343 1035 2380 ἔτι
1061 2343 1100 2378 in
1125 2353 1233 2389 marg
1257 2341 1315 2377 m⁶
1386 2345 1407 2377 2
1433 2339 1546 2387 δόξης
1572 2342 1626 2378 Va

289 2396 312 2427 6
339 2391 552 2428 δουλκιτίου
582 2392 634 2428 Va
660 2391 727 2427 sed
746 2392 827 2438 v(2)
854 2401 874 2427 e
893 2404 916 2427 ν
941 2401 1023 2426 corr
1035 2389 1092 2425 m⁸
1117 2389 1164 2426 cf.
1183 2401 1219 2435 p.
1241 2393 1298 2433 28,
1314 2392 1357 2425 19
1385 2390 1423 2425 et
1441 2389 1490 2424 ad
1509 2399 1566 2434 ep.
1581 2391 1650 2424 2⁷8

364 2443 384 2475 9
410 2439 530 2476 ταντά
550 2440 641 2476 VVo
659 2438 768 2475 Wolf
838 2442 883 2474 13
909 2437 1094 2484 αἱρόντων
1121 2438 1157 2474 V
1219 2441 1263 2473 14
1289 2436 1492 2484 βοηθήσων
1513 2437 1567 2473 Va
1577 2436 1627 2472 Vo

295 2490 338 2521 15
364 2487 465 2536 αὑτῷ
493 2488 586 2524 VVa
647 2491 693 2523 20
714 2486 863 2532 ἔστησεν
889 2486 946 2523 Va
