1806 2964
635 215 907 252 EPISTULAE
935 218 1125 252 182—183
1239 206 1242 209 ’
1481 214 1569 257 169

188 331 307 381 θείας
331 335 495 372 τοιαῦτα
514 331 771 382 φιλοσοφεῖς,
796 329 1002 380 διδάσκοις
1022 325 1059 370 δ’
1074 327 1125 370 ἂν
1149 332 1301 382 μᾶλλον
1325 326 1352 382 ἢ
1371 327 1462 382 περὶ
1479 344 1568 369 και-

189 403 266 453 ροῦ
291 396 531 451 μανθάνοις.
570 395 709 450 διόπερ
734 408 799 437 σοι
823 395 898 450 τὴν
923 394 978 445 ὡς
1002 395 1173 437 ἐδόκουν
1197 395 1400 452 ῥᾳθυμεῖν
1419 393 1569 437 ἀπολο-

186 463 283 519 γίαν
307 461 478 517 ἀφίημι,
503 461 580 503 κᾶν
604 461 749 518 ἐγκαλῇ
774 478 854 516 τις,
885 463 964 504 λύε.
1012 464 1050 504 5.
1076 460 1166 517 περὶ
1192 460 1235 503 δὲ
1260 467 1332 503 τοῦ
1352 462 1568 503 νεανίσκου

187 530 305 572 τοῦδε
329 536 401 572 τοῦ
427 534 502 570 σοῦ
527 529 692 571 πολίτου
712 529 752 570 τί
766 527 820 570 ἅν
839 541 882 571 σε
901 529 1203 585 παρακαλοίην;
1227 528 1295 570 καὶ
1313 527 1389 584 γὰρ
1410 523 1467 569 ὧν
1486 527 1569 569 ἐστι

187 595 255 638 καὶ
287 591 372 645 οἶός
403 595 509 638 ἔστιν
539 590 666 637 οἶσθα
690 596 759 637 καὶ
783 602 907 637 ταῦτα
931 595 1048 645 εἰδὼς
1073 595 1148 637 οὐκ
1172 594 1294 653 ἀνέξῃ
1320 596 1442 637 πλείω
1467 594 1565 648 παρ’
1606 615 1623 642 ⁶

186 661 310 704 ἄλλου
334 662 404 704 τὸν
428 661 586 717 ἑταῖρον
610 656 655 703 εὖ
682 666 845 704 παθεῖν.

817 794 919 852 QWV'·
1492 805 1541 841 W
1570 810 1640 844 183

648 876 953 939 Ἀνδρονίκῳ.
993 891 1102 935 (360)

249 970 287 1007 1.
307 963 396 1007 Ὅτι
428 963 502 1019 μὲν
533 964 687 1019 ἔμελλες
713 964 767 1015 ὣς
791 965 933 1019 ἥδιστα
958 966 1028 1008 τὸν
1053 966 1224 1021 χρηστὸν
1249 966 1429 1020 ὄψεσθαι
1456 969 1567 1008 Παλ-

186 1032 328 1074 λάδιον
351 1030 420 1073 καὶ
445 1029 573 1085 μηδὲν
597 1031 697 1086 ἐμοῦ
721 1032 962 1087 γράφοντος,
987 1028 1033 1074 εὖ
1058 1030 1186 1092 ᾔδειν.
1222 1034 1318 1083 τούς
1341 1049 1382 1075 τε
1402 1033 1480 1090 γὰρ
1498 1034 1565 1077 νό·
1586 1044 1624 1071 10

185 1115 288 1153 μους
320 1095 416 1153 μεθ’
438 1093 497 1140 ὧν
527 1096 660 1154 ἄρχεις
691 1099 757 1140 καὶ
789 1099 883 1148 τοὺς
914 1099 1059 1154 λόγους
1083 1099 1127 1141 ἐν
1152 1095 1214 1149 οἷς
1239 1102 1309 1156 ζῇς
1341 1098 1439 1156 παρ’
1460 1100 1569 1159 αὐτῷ

185 1167 317 1220 ζητῶν
341 1164 534 1220 εὑρήσεις.
581 1168 620 1206 2.
645 1164 745 1207 ἀλλὰ
769 1172 893 1207 ταῦτα
918 1164 991 1219 μὲν
1016 1165 1084 1208 καὶ
1108 1163 1203 1221 παρ’
1225 1165 1380 1220 ἄλλοις,
1405 1165 1431 1221 ἡ
1459 1165 1504 1209 δέ
1521 1182 1566 1222 γε

183 1239 264 1274 τῶν
295 1230 417 1286 ἠθῶν
447 1232 560 1287 χάρις
589 1231 658 1273 καὶ
688 1232 733 1274 τὸ
763 1239 844 1274 τῶν
875 1233 1035 1289 τρόπων
1066 1231 1297 1287 ὅμιλητικὸν
1328 1233 1393 1275 καὶ
1427 1234 1471 1276 τὸ
1503 1229 1567 1283 οἷς

184 1297 430 1353 συγγένοιτο,
454 1298 623 1349 τούτους
646 1299 776 1349 εὐθὺς
801 1298 929 1340 ἕλκειν
952 1299 1020 1341 καὶ
1043 1299 1088 1341 τὸ
1113 1298 1297 1354 ἀπούσης
1327 1299 1401 1354 μὲν
1426 1299 1568 1355 ἑορτῆς

185 1365 310 1407 αὐτὸν
340 1364 483 1420 ἑορτὴν
513 1361 618 1407 εἶναι
647 1364 717 1408 καὶ
748 1365 894 1420 μόνον,
931 1372 1145 1421 παροῦσαν
1183 1365 1227 1409 δὲ
1264 1367 1383 1420 μείζω
1419 1370 1566 1420 ποιεῖν,
1586 1376 1622 1404 ιδ

187 1438 311 1473 ταῦτα
336 1432 432 1481 ἴσως
451 1429 524 1484 μὲν
542 1431 619 1474 οὐκ
637 1431 681 1474 ἐν
698 1430 819 1491 ἄλλῳ,
837 1433 999 1483 πάντως
1018 1432 1062 1475 δὲ
1080 1433 1156 1475 οὐκ
1174 1432 1219 1474 ἐν
1236 1436 1411 1483 πολλοῖς.
1439 1436 1478 1475 3.
1498 1433 1567 1475 διὰ

186 1496 259 1551 μὲν
291 1497 343 1551 δὴ
374 1504 499 1539 ταῦτα
531 1496 600 1539 καὶ
625 1498 828 1553 φεύγοντα
852 1497 904 1540 ἂν
930 1500 1092 1549 διώκοις
1116 1498 1184 1541 καὶ
1207 1499 1282 1555 οὐχ
1306 1499 1417 1549 ὅπως
1442 1512 1567 1556 προσ-

185 1564 299 1607 ιόντα
323 1562 550 1618 ἀπωθοίης.
588 1561 676 1606 ὥστ’
698 1563 819 1607 οὐδὲν
843 1565 923 1607 ἔδει
947 1566 1189 1621 γραμμάτων
1213 1572 1295 1608 τῶν
1311 1565 1567 1620 ποιησόντων

185 1631 350 1683 φιλίαν,
375 1626 461 1672 ἀλλ’
483 1630 621 1685 ἐπειδὴ
646 1630 714 1672 καὶ
745 1632 871 1690 χρήσῃ
895 1631 1065 1685 φανέντι
1088 1631 1158 1674 καὶ
1180 1633 1384 1689 χρώμενος
1408 1631 1567 1674 ἐπαινέ-

261 1786 281 1819 ’1
317 1783 384 1824 Vn
407 1783 457 1829 α’,
477 1783 569 1830 (πεδ’.
598 1785 655 1821 Va
672 1783 722 1832 β’,
744 1783 816 1828 uf.
850 1785 902 1822 Vo
915 1784 963 1833 β’,
981 1784 1056 1829 uf.
1080 1785 1110 1823 S
1126 1785 1169 1831 ε’,
1194 1784 1265 1832 νγ’.
1289 1786 1331 1822 D
1351 1784 1422 1832 ρα’.
1450 1786 1566 1823 Bur„

190 1833 252 1878 (=-
272 1832 397 1868 Burn.
426 1834 488 1879 75)
513 1831 598 1869 «κε’.
634 1833 745 1870 Lam·
769 1835 829 1880 (=
850 1834 970 1871 Laur.
998 1837 1059 1879 57,
1084 1836 1146 1880 47)
1173 1834 1236 1870 σοι’

259 1955 282 1988 8
308 1951 453 1989 Sievers
480 1955 525 1988 83
552 1955 630 1990 not.
653 1957 710 1991 78.
737 1953 857 1991 Seeck
884 1957 942 1991 ⁷1.
969 1957 1050 1991 368.
1078 1953 1247 1991 Silomon
1272 1959 1319 1991 36
1394 1958 1415 1991 9
1443 1954 1564 1991 Seeck

187 2003 259 2036 229
283 1999 337 2037 IX
411 2004 454 2037 1‘1
481 2000 523 2038 11.
542 2015 565 2049 χ
586 2005 667 2038 199.
693 2001 850 2039 Theocr.
870 2002 922 2038 id.
943 2002 994 2038 XI
1007 2006 1065 2039 75.
1115 2002 1213 2040 Plat„
1233 2014 1339 2040 eom.
1359 2015 1396 2050 p.
1420 2002 1526 2040 2210

261 2124 279 2157 1
308 2119 511 2182 φιλοσόφει
535 2122 593 2160 Va
602 2123 654 2161 Vo
678 2123 746 2159 sed
772 2123 861 2170 όφει
887 2124 927 2160 in
960 2130 1068 2171 σφεῖς
1092 2135 1176 2161 corr
1203 2125 1288 2170 Va‘,
1307 2124 1348 2161 in
1373 2131 1468 2171 οφεῐ
1481 2125 1565 2168 Vo'.

197 2169 244 2205 Vs·
316 2173 338 2204 2
363 2168 418 2207 δι’
441 2182 533 2216 οπερ
558 2172 599 2208 D
620 2173 626 2217 Ι
648 2169 839 2218 (Sumam
863 2172 954 2208 libri
979 2172 1089 2210 Wolf
1159 2177 1182 2210 8
1206 2175 1272 2210 λῦε
1297 2173 1333 2209 V
1403 2177 1425 2208 5
1450 2171 1562 2210 ταῦτ’

194 2216 357 2255 WVind
381 2217 491 2256 Wolf
507 2221 514 2266 Ι
535 2218 642 2265 παρὰ
672 2221 725 2257 Va
734 2221 786 2258 Vo
802 2221 961 2258 WVind
985 2220 1096 2258 Wolf
1164 2225 1187 2258 6
1211 2227 1288 2259 τῶν
1314 2222 1362 2259 Vs·
1430 2225 1475 2258 1⁶
1496 2222 1565 2258 αὖ·

186 2264 424 2312 τὸν-μόνον
448 2278 510 2304 om
536 2267 632 2305 VVa
642 2269 775 2306 VoSD
805 2271 1049 2307 servaverunt
1073 2270 1185 2307 Laur
1208 2271 1324 2308 Burn
1405 2273 1450 2306 16
1477 2268 1567 2312 ἴσως

188 2312 258 2360 μὲν
282 2315 417 2361 scripsi
441 2326 463 2352 e
495 2317 608 2353 me
632 2317 701 2363 μὲν
727 2316 815 2360 ἴσως
841 2318 895 2354 Vo
920 2317 987 2354 sed
1011 2318 1082 2365 μὲν
1111 2319 1215 2355 inser
1237 2318 1306 2364 m‘,
1335 2317 1444 2354 Wolf
1477 2317 1567 2361 ἴσως

187 2361 327 2408 reliqui
351 2362 441 2399 libri
523 2367 569 2400 18
594 2364 796 2412 ἀπωθοίης
821 2365 959 2413 scripsi
983 2366 1147 2408 ἀποθεῑς
1173 2367 1210 2404 V
1245 2367 1421 2408 ἀπωθετς
1447 2368 1504 2404 Va
1513 2368 1567 2403 Vo

189 2410 257 2445 ned
281 2410 322 2446 in
353 2410 426 2448 hoc
458 2426 484 2448 α
515 2423 562 2449 ex
594 2413 636 2449 εὖ
668 2424 752 2450 corr
775 2413 844 2459 m⁸,
869 2414 899 2452 S
934 2414 1098 2463 ἀπωθῇς
1122 2416 1163 2452 D
1188 2416 1300 2452 Laur
1325 2414 1436 2450 Wolf
1468 2415 1565 2452 ἀπο-

187 2457 439 2544 ἴοίηςἮΒῖιῖπ
459 2461 466 2507 Ι
487 2459 580 2497 ὥστε
598 2461 709 2498 wolf
774 2465 818 2498 19
844 2462 959 2510 zelum
981 2463 1093 2501 Lam·
1113 2466 1119 2512 Ι
1141 2462 1322 2510 ἐπαινέσῃ
1342 2464 1383 2501 D
1409 2462 1566 2508 ἐπαινή·

212 2518 267 2548 είς
341 2518 363 2544 0
