1806 2964
628 219 896 257 EPISTULAE
923 224 1110 256 ονε-631
1462 218 1552 262 579

818 329 912 387 μα’.
1479 339 1529 375 w
1554 342 1625 376 ⁶4⁶

668 417 938 474 Παλλαδίῳ.
971 421 1079 464 (361)

249 511 280 543 1.
308 501 408 557 Περὶ
440 502 575 555 δείλην
606 502 763 555 πρωίαν
794 497 921 555 ἦλθεν
958 500 979 543 ὅ
1011 505 1106 550 παῖς
1138 503 1311 555 κομίζων
1341 501 1388 543 τὰ
1420 502 1556 556 βιβλία

185 567 369 622 μέλλοντί
390 583 459 622 μοι
482 574 553 622 τῆς
572 567 780 622 ὑστεραίας
798 566 918 621 ἐρεῖν,
937 566 1003 608 καὶ
1022 568 1066 610 οἱ
1082 567 1318 621 δαιτυμόνες
1335 566 1554 621 ἔκέκληντο.

185 634 355 690 χρηστὸν
393 629 468 675 οὖν
502 634 574 688 μοί
603 650 640 675 τι
675 634 826 688 δηλοῦν
863 632 989 675 ἐδόκει
1029 635 1072 676 τὸ
1106 631 1202 688 παρ’
1230 633 1379 689 ἀνδρὸς
1413 633 1558 688 λόγους
1592 646 1610 673 5

186 699 449 756 ἐργαζομένου
475 700 618 755 λόγους
642 698 818 754 ἀφῖχθαι
844 699 1012 748 δείξοντι
1031 699 1185 755 λόγους.
1205 701 1274 741 καί
1297 699 1344 754 μέ
1367 716 1426 749 τις
1445 699 1553 754 ἀμεί-

186 783 271 808 νων
295 760 404 816 ἐλπὶς
429 766 520 821 ἔχει,
544 767 642 816 θεὸς
668 765 709 807 δὲ
736 762 819 807 οἶδε
838 766 880 807 τὸ
900 765 1052 819 μέλλον.
1087 770 1125 807 2.
1145 764 1198 819 ἣν
1218 761 1294 808 οὖν
1318 766 1557 820 ἀπέλθωμεν

189 832 233 875 ἐκ
258 839 329 874 τοῦ
354 831 502 886 ἄθλου,
527 839 606 874 τῶν
627 828 870 887 Ἀριστείδου
901 847 941 873 τε
966 832 1034 873 καὶ
1065 839 1144 874 τῶν
1177 839 1259 874 σῶν
1291 831 1464 886 ἑξόμεθα
1488 831 1556 875 καὶ

186 904 404 954 κρινοῦμεν
423 898 469 939 τὰ
489 899 752 951 παλαίσματα.
783 899 913 940 καίτοι
931 898 975 939 τὸ
990 894 1237 953 Ἀριστείδην
1257 898 1382 952 φέρον
1402 898 1557 953 σαπρὸν

187 964 268 1007 ὑπὸ
293 970 365 1006 τοῦ
389 965 536 1019 χρόνον
561 964 628 1006 καὶ
652 964 698 1006 τὰ
733 971 868 1019 πρῶτα
895 965 1049 1017 δοκεῖν,
1080 963 1186 1006 ἐστὶν
1211 965 1312 1019 ἔχειν
1337 964 1412 1006 οὐκ
1436 965 1555 1019 ἔχειν·
1576 977 1612 1004 ιο

190 1032 318 1080 οὕτως
343 1028 370 1083 ἡ
397 1031 471 1084 μὲν
495 1047 555 1080 τις
580 1030 757 1085 συλλαβὴ
785 1031 990 1083 φαίνεται,
1021 1030 1095 1083 τὴν
1121 1029 1164 1072 δὲ
1190 1033 1317 1085 ζητῶν
1349 1031 1424 1072 οὐκ
1449 1030 1557 1085 ὄψει,

188 1096 285 1139 ἀλλὰ
312 1097 444 1138 δοκῶν
468 1097 679 1152 εὑρηκέναι
709 1097 781 1138 τὸν
810 1097 1004 1152 Θερσίτην
1034 1095 1110 1152 ἐγὼ
1145 1104 1215 1138 τοῦ
1248 1099 1378 1151 ζητεῖν
1409 1096 1463 1138 ἔτι
1488 1097 1557 1139 τὸν

191 1163 384 1218 Θερσίτην
410 1163 485 1205 οὐκ
510 1163 756 1218 ἀπηλλάγην.
790 1165 829 1204 3.
851 1158 1060 1217 Ἀδριανὸς
1091 1161 1135 1204 δέ
1166 1175 1208 1204 σε
1235 1163 1284 1205 οὐ
1316 1162 1557 1219 διαπέφευγε

190 1228 277 1282 μέν,
303 1226 386 1270 ἀλλ’
410 1228 562 1279 ἐκεῖνος
597 1228 639 1271 ἕν
670 1236 718 1286 τῇ
750 1236 800 1287 σῇ
830 1233 955 1270 κεῖται
988 1229 1098 1283 χειρί.
1129 1227 1329 1282 κατέμεινε
1356 1228 1418 1283 δέ,
1449 1230 1557 1279 ὅπως

189 1294 256 1337 ἀεί
278 1308 352 1337 σου
378 1295 544 1348 δεοίμην
573 1295 641 1336 καὶ
672 1294 795 1349 ἔχοις,
827 1294 850 1336 ὅ
879 1311 917 1336 τι
948 1296 1132 1350 χαρίζοιο.
1170 1295 1298 1336 καίτοι
1329 1302 1444 1336 τοῦτο
1480 1295 1555 1337 οὐκ
1576 1307 1611 1335 1⁶

190 1360 326 1417 ὀρθῶς
371 1361 652 1415 κεκόμψευται.
707 1361 856 1403 πολλὰ
895 1362 982 1416 γὰρ
1026 1360 1075 1402 ἐν
1111 1358 1437 1416 Ἀντιμάχοιο,
1479 1360 1556 1402 κᾶν

188 1426 349 1484 πέμπῃς
373 1426 630 1481 καθημέραν,
661 1426 851 1469 οὐδέποτε
876 1427 922 1468 τὰ
949 1426 1123 1469 δοθέντα
1154 1433 1234 1469 τῶν
1269 1427 1318 1469 οὐ
1351 1427 1556 1469 δοθέντων

189 1494 295 1534 ἔσται
321 1493 453 1535 πλείω.
487 1495 524 1533 4.
551 1492 641 1548 περὶ
666 1492 709 1535 δὲ
734 1499 805 1535 τοῦ
835 1493 954 1549 λόγου
981 1506 1054 1534 σου
1081 1493 1127 1534 τὰ
1159 1494 1294 1535 δίκαια
1320 1500 1557 1547 ψηφιοῦμαι

190 1559 258 1601 καὶ
282 1565 405 1600 ταῦτα
430 1559 600 1608 δικάζων
625 1558 842 1614 ἀνώμοτος.

265 1714 283 1746 1
323 1711 383 1747 Vn
408 1710 456 1758 β’,
481 1710 551 1751 ις’.
585 1711 641 1748 Va
665 1710 708 1756 ι’,
734 1707 823 1759 [4].
861 1711 911 1749 νο
938 1710 1009 1758 (ς’),
1042 1710 1099 1754 ιζ.
1128 1711 1219 1748 Μο4

264 1857 285 1889 2
312 1854 431 1891 Seeck
451 1857 532 1891 228.
560 1857 629 1891 884
679 1857 701 1891 3
726 1853 976 1899 ef.t.11124‚
999 1859 1042 1892 19
1095 1859 1138 1891 12
1158 1855 1264 1892 Prov
1286 1855 1557 1893 eoisl.1112⁶⁹

245 1906 288 1938 16
315 1902 412 1939 Plnt.
434 1901 594 1940 phaedr.
613 1914 650 1949 p.
671 1905 740 1939 227
755 1901 783 1939 G
805 1904 811 1949 Ι
832 1902 914 1940 ΙΙ.1
895 1905 1003 1939 1132

265 2053 286 2082 3
312 2043 403 2091 ἡκεν
435 2046 485 2083 Va
522 2045 630 2102 ἥκειν
646 2046 717 2084 Mo
791 2051 812 2083 5
839 2060 904 2093 μοι
928 2045 965 2084 τί
988 2047 1077 2084 libri
1102 2048 1211 2084 Wolf
1281 2053 1302 2085 6
1329 2062 1372 2096 με
1396 2047 1452 2090 τίς
1479 2049 1513 2086 V

193 2098 214 2130 9
235 2091 460 2140 Ἀριστείδην
481 2093 614 2141 scripsi
635 2096 788 2132 auctore
807 2094 863 2131 Ro
901 2095 949 2141 ἀρ
953 2094 1115 2133 ιστείδου
1134 2095 1223 2132 libri
1237 2063 1353 2133 Wolt
1403 2099 1448 2132 10
1458 2096 1557 2133 κατὰ

191 2141 239 2179 τὰ
258 2148 388 2187 πρῶτα
406 2141 462 2178 Re
496 2141 616 2189 Suppl
655 2143 661 2188 Ι
695 2143 836 2180 δοκοῦν
862 2109 949 2180 Moe
957 2144 1024 2180 sed
1049 2149 1118 2180 οῦν
1143 2155 1226 2181 corr
1258 2146 1265 2191 Ι
1299 2155 1445 2181 comma
1496 2146 1561 2181 ost.

191 2191 320 2228 δοκεῖν
344 2189 487 2226 inserui
511 2201 596 2226 cum
621 2190 677 2227 Re
730 2202 792 2227 om
815 2190 905 2227 libri
925 2191 1032 2228 Wolf
1097 2196 1139 2228 11
1167 2192 1191 2238 ἡ
1216 2191 1283 2238 μέν
1309 2192 1443 2240 scripsi
1492 2200 1559 2245 μῑν

190 2237 281 2274 libri
299 2236 409 2274 Wolf
449 2239 455 2287 Ι
499 2237 557 2280 τίς
580 2237 634 2275 Vo
709 2242 752 2275 15
779 2239 878 2286 ἔχοις
896 2240 1031 2295 scripsi
1066 2239 1149 2288 ἔχῃς
1173 2240 1261 2276 libri
1286 2239 1396 2277 Wolx
1436 2242 1443 2288 Ι
1498 2241 1560 2277 ὅτι

189 2285 279 2322 libri
303 2284 412 2322 Wolf
481 2289 524 2322 19
551 2285 722 2332 nequitur
745 2297 804 2333 ep.
826 2291 871 2323 34
897 2287 936 2324 in
965 2288 1000 2325 V
