1806 2964
307 220 394 262 760
645 220 886 256 ΑΟΒΕΝΒΔ
912 221 973 256 ΕΤ
999 220 1314 258 CORRIGENDA

375 340 410 374 p.
432 331 499 363 177
528 330 604 364 not.
635 339 739 375 exeg.
776 328 801 364 1.
828 332 849 364 8
884 330 971 374 post
993 327 1027 364 11
1053 331 1200 372 487,15
1238 329 1400 365 inseras:
1432 340 1490 375 ep.
1518 333 1584 365 591
1620 342 1657 376 Ρ.

378 434 412 469 p.
435 426 515 467 179,
530 427 551 458 5
577 423 786 468 εὐεργεσίης
811 422 1026 469 scripserim
1049 424 1094 458 ut
1118 434 1176 469 ep.
1196 426 1265 458 294
1291 435 1327 469 p.
1348 426 1430 467 277,
1448 428 1491 461 10

379 481 416 516 p.
438 473 504 505 191
531 471 607 506 not.
628 472 771 518 exeget.
794 475 837 506 12
858 481 926 516 pro
951 473 1022 506 237
1047 470 1151 516 legas
1177 473 1221 506 87

377 529 403 564 Ρ
434 521 505 552 200
524 519 601 554 not.
616 517 698 554 crit.
714 522 758 554 16
772 520 857 564 post
873 522 913 553 17
929 517 1166 554 inserendum
1185 518 1335 564 signum
1352 519 1657 565 interrogationis

376 577 414 611 p.
433 568 504 601 210
529 566 606 601 not.
625 565 709 601 crit.
729 565 785 601 1.1
807 567 894 611 post
912 576 971 612 ep.
990 568 1061 600 230
1086 565 1245 601 inseras:
1274 569 1355 601 544.
1377 569 1445 601 705

378 625 413 658 p.
433 616 504 648 215
529 615 607 649 not.
629 613 710 649 crit.
730 618 752 648 2
779 613 946 660 corrigas
971 616 1040 648 526
1067 613 1105 647 ἰῐι
1133 616 1202 648 828

377 672 413 706 p.
434 664 516 705 232,
531 664 572 695 11
599 671 668 706 pro
693 661 735 697 ἐν
759 660 983 697 coniecerim
1009 661 1049 696 ἐκ

377 720 413 754 p.
433 712 516 752 251,
530 711 575 744 20
601 708 742 744 scribas
762 707 961 758 Ὑπερεχίφ

378 768 412 802 p.
434 759 508 791 264·
524 755 573 791 ad
592 755 617 792 1.
637 759 657 791 9
683 758 770 802 post
793 768 853 803 ep.
873 759 918 792 89
944 756 1108 792 inseras:
1134 756 1181 792 cf.
1202 756 1299 792 Ptol.
1320 759 1365 792 78
1391 757 1430 791 et
1455 759 1499 791 79

378 815 414 849 Ρ.
435 806 505 838 270
530 805 606 839 not.
625 814 729 850 exeg.
749 803 775 839 l.
798 807 842 839 10
866 804 953 849 post
983 816 1020 848 p.
1040 803 1150 838 4631«)
1181 803 1345 839 inseras:
1377 803 1422 839 of.
1451 814 1509 848 ep.
1530 806 1599 838 729
1625 815 1662 849 p.

308 854 389 894 654,
403 854 424 885 4

379 910 414 944 p.
434 901 503 933 282
530 898 553 934 l.
575 902 595 933 3
622 898 765 934 scribas
791 899 902 935 ἔνδον

377 957 414 991 p.
434 950 516 991 292,
530 950 551 981 3
576 946 719 982 scribas
744 946 820 994 φῂς

379 1006 415 1039 p.
435 996 505 1029 886
530 995 571 1030 et
593 998 662 1030 417
689 997 767 1031 not.
786 995 869 1031 crit.
888 995 912 1031 l.
932 999 954 1030 6
983 1017 1024 1021 —
1054 999 1073 1031 7
1100 995 1243 1032 deleas:
1268 994 1455 1030 Planudes

380 1053 416 1086 p.
435 1046 506 1078 400
531 1044 608 1079 not.
627 1055 732 1090 erog.
753 1046 774 1078 6
801 1044 914 1079 verba
932 1045 1093 1081 Aeacius
1110 1044 1157 1087 cf.
1177 1043 1283 1081 Seeck
1301 1045 1349 1078 40
1373 1054 1425 1078 an
1442 1044 1488 1078 'et
1511 1042 1662 1089 signnm

309 1088 616 1137 interrogationis
646 1094 733 1138 post
764 1091 941 1128 Eubulus
972 1091 1134 1128 delenda
1165 1093 1254 1127 sunt
1314 1089 1557 1136 significatur
1586 1100 1662 1126 non

308 1147 422 1181 quem
446 1138 623 1175 Seeckius
647 1139 798 1186 putavit
822 1139 983 1175 Aeacius
1009 1139 1075 1176 sed
1101 1139 1282 1175 Eubulus.
1331 1137 1431 1173 Nam
1453 1137 1618 1183 primum
1643 1137 1662 1172 ῠ

309 1184 533 1232 ἀντίτεχνος,
559 1199 633 1232 qno
665 1186 848 1224 vocabulo
881 1187 1117 1224 adversarius
1142 1187 1225 1233 ipse
1256 1197 1345 1222 usus
1371 1187 1429 1222 eat
1452 1196 1510 1231 ep.
1531 1189 1601 1220 405
1655 1214 1662 1220 .

309 1235 426 1274 400,6
452 1236 492 1270 et
525 1239 567 1270 12
599 1238 639 1271 et
671 1239 733 1279 16,
769 1235 827 1271 vel
859 1234 879 1271 ὁ
912 1235 1215 1281 ἀντικαθήμενος
1243 1233 1304 1271 vel
1328 1232 1348 1270 ὁ
1375 1234 1607 1279 ἀνταγωνιοτ
1634 1245 1663 1277 ς,

309 1281 354 1314 ut
383 1280 422 1316 in
454 1282 533 1318 vita
563 1285 599 1329 (ς
627 1286 695 1319 109
715 1285 742 1319 t.
763 1283 778 1317 1
803 1295 839 1329 Ρ.
871 1286 986 1327 186,2
1012 1284 1051 1318 et
1075 1286 1095 1326 ξ
1119 1286 1186 1319 120
1211 1294 1249 1328 p.
1270 1283 1403 1327 141,8)
1434 1281 1663 1325 nominatur,

309 1327 476 1366 Phoenix
501 1334 584 1366 erat
608 1332 704 1367 teste
730 1330 809 1366 vita
834 1334 854 1374 5
873 1335 919 1367 90
944 1343 981 1377 Ρ.
1004 1334 1084 1375 127,
1100 1334 1162 1374 19,
1188 1329 1346 1366 Aeacius
1372 1338 1458 1365 vero
1483 1327 1664 1364 oriundus

311 1374 492 1413 Caesarea
521 1378 760 1415 Palaestinae
791 1380 945 1415 auctore
977 1378 1151 1424 Eunapio
1177 1379 1242 1414 vit.
1268 1388 1309 1413 so
1340 1377 1374 1412 h.
1400 1378 1512 1413 Acac.
1537 1387 1574 1421 p.
1596 1379 1664 1412 100

310 1425 368 1460 ed.
397 1426 527 1470 Boias..
551 1437 665 1471 quem
690 1428 730 1462 in
755 1427 828 1462 hac
852 1438 893 1462 re
918 1425 1035 1462 errori
1066 1426 1269 1462 obnoxium
1318 1425 1418 1461 uisse
1442 1423 1665 1468 neutiquam

311 1473 468 1510 Seeckio
501 1474 656 1510 concedi
687 1474 839 1521 poterit.
895 1474 1042 1511 Deinde
1072 1474 1135 1510 hic
1172 1473 1407 1510 adversarius
1445 1470 1666 1519 Antiochiae

310 1521 385 1556 fuit
408 1521 486 1556 iam
510 1523 600 1558 ante
633 1533 774 1558 annum
806 1525 893 1566 358,
925 1533 1000 1568 quo
1031 1521 1210 1565 Libanius
1242 1521 1453 1557 commeatu
1488 1519 1667 1564 quattuor

311 1568 497 1605 mensium
520 1570 723 1616 impetrato
748 1570 788 1605 in
814 1570 979 1615 patriam
1002 1569 1116 1605 rediit
1139 1571 1236 1605 teste
1255 1569 1334 1604 vita
1357 1572 1378 1612 ς
1398 1571 1443 1603 90
1462 1579 1498 1613 Ρ.
1519 1569 1667 1609 127,19,

311 1617 467 1652 Aeacius
491 1628 579 1654 vero
603 1618 771 1654 nondum
796 1617 920 1654 hieme
945 1628 978 1653 a.
1000 1618 1153 1666 8551355
1173 1616 1414 1652 Antiochiam
1432 1615 1667 1661 pervenerat,

313 1664 377 1700 sed
408 1664 448 1700 in
479 1666 605 1710 patria
633 1666 938 1702 commorabatur
966 1667 1063 1702 teste
1088 1676 1147 1712 ep.
1173 1668 1243 1701 454
1268 1676 1305 1709 p.
1325 1666 1504 1708 443,·1sq.
1531 1663 1570 1697 et
1599 1671 1668 1708 per

311 1712 423 1748 breve
447 1714 595 1758 tempus
620 1713 845 1750 Antiochiae
870 1713 1012 1749 mansit
1036 1715 1135 1749 teste
1159 1711 1325 1758 epistula.
1355 1715 1425 1746 274
1449 1722 1486 1757 Ρ.
1509 1712 1591 1753 260,
1612 1713 1668 1753 11,

313 1771 397 1795 cum
428 1760 505 1797 iam
537 1771 635 1797 anno
669 1765 738 1798 362
770 1762 908 1798 iterum
940 1762 979 1797 in
1012 1760 1230 1797 Palaestina
1262 1761 1360 1795 esset
1390 1760 1488 1794 teste
1519 1769 1577 1804 ep.
1599 1759 1668 1792 754

314 1820 349 1853 Ρ.
383 1811 466 1853 678,
487 1811 542 1844 12.
592 1809 687 1845 Tum
720 1809 925 1856 opprobria
956 1808 1247 1854 contemptionis
1283 1807 1397 1853 plena
1427 1815 1524 1852 quae
1554 1805 1594 1840 L.
1626 1803 1665 1839 in

312 1856 392 1891 vita
417 1859 437 1899 ἕ
457 1859 502 1891 91
529 1859 568 1892 et
594 1861 723 1903 109sq.
750 1859 882 1894 contra
906 1856 1162 1893 adversarium
1187 1857 1313 1891 movet
1337 1854 1385 1890 ab
1412 1853 1579 1900 imagine
1604 1862 1668 1886 ae-

312 1903 530 1940 mulationis
555 1904 736 1942 honestae
760 1916 873 1950 quam
896 1904 998 1940 idem
1023 1905 1062 1940 in
1090 1914 1150 1950 ep.
1171 1907 1241 1939 274
1259 1902 1311 1939 ad
1334 1901 1513 1938 Acacium
1532 1900 1668 1946 ipsum,

313 1954 517 1996 postqmm
542 1952 783 1988 Antiochiam
807 1952 975 1998 reliquit,
999 1962 1098 1987 anno
1125 1955 1192 1987 361
1220 1951 1311 1986 data
1334 1961 1372 1995 p.
1393 1953 1475 1994 261,
1489 1952 1507 1983 1
1524 1959 1579 1993 sq.
1604 1957 1668 1982 ae-

314 2009 388 2044 que
413 2001 527 2046 atque
551 2000 590 2035 in
622 2011 680 2047 ep.
701 2004 770 2037 259
802 2012 840 2046 Ρ.
859 2003 942 2044 250,
960 2003 1004 2035 10
1035 2001 1074 2035 et
1104 2009 1162 2044 ep.
1185 2002 1254 2034 754
1277 2010 1315 2044 p.
1335 2000 1416 2041 678,
1432 2001 1473 2032 11
1484 2007 1539 2042 sq.
1565 1995 1605 2031 et
1628 1994 1667 2030 in

314 2047 483 2085 oratione
513 2048 600 2093 περὶ
631 2048 793 2094 εὐφυίας
828 2047 1042 2093 conscripta
1076 2048 1174 2083 teste
1209 2045 1383 2092 Eunapio
1420 2041 1667 2097 adumbrayit,

315 2106 465 2140 prorsus
497 2095 707 2133 abhorrent.
756 2095 938 2140 Denique,
965 2095 1066 2141 quod
1097 2095 1214 2140 caput
1244 2095 1314 2136 est,
1350 2092 1388 2128 1..
1415 2101 1527 2138 quem
1563 2101 1668 2136 prius

316 2144 415 2179 tecte
445 2143 672 2190 significavit
703 2144 764 2179 vit.
791 2147 811 2187 ς)
832 2147 877 2180 98
911 2155 949 2189 Ρ.
970 2146 1050 2185 131,
1066 2145 1110 2177 14
1140 2141 1265 2178 verbis
1295 2147 1374 2182 τοῖς
1403 2137 1501 2185 ἀμφ’
1522 2139 1669 2175 ἐκεῖνον

316 2191 382 2226 τὸν
407 2191 598 2238 σοφιστὴν,
624 2203 709 2227 cum
733 2191 850 2238 paulo
875 2191 962 2237 post
992 2190 1144 2226 nomine
1170 2188 1308 2225 Eubuli
1336 2186 1535 2233 insignivit
1558 2189 1579 2229 5
1600 2188 1667 2222 103.

316 2251 351 2284 p.
373 2242 453 2282 138.
468 2243 511 2276 21
540 2239 735 2287 Εὔβουλον
760 2238 802 2275 δὲ
829 2239 898 2275 σὺν
921 2241 972 2285 τῷ
997 2239 1107 2274 παιδὶ
1125 2238 1277 2285 δρασμῷ
1298 2236 1386 2276 τοὺς
1409 2232 1562 2271 ἐκείνων
1586 2233 1669 2268 δια-

315 2285 644 2375 &522322‘5053
668 2286 855 2376 ⁶22⁰&
865 2284 1123 2379 “25:‘2‘312'252‘
1139 2286 1216 2378 §.55
1218 2280 1670 2375 221522’502’3355533’.

315 2380 453 2427 θυμόν.
479 2381 575 2420 οὕτω
606 2348 720 2428 paguo
747 2381 963 2427 Πάτροκλος
993 2382 1113 2428 πληγῇ
1138 2384 1206 2426 τῆς
1228 2384 1353 2461 ψνχὲς
1381 2375 1608 2413 ἀπολωλέκει
1622 2373 1670 2410 τὰ

317 2427 425 2474 ὅπλα,
450 2430 587 2476 quibus
611 2430 758 2466 ultimis
785 2429 918 2474 verbis,
942 2429 987 2464 ut
1011 2427 1206 2467 Patroclus
1225 2426 1274 2463 ab
1336 2426 1472 2468 ectore,
1497 2423 1671 2459 adversa·

317 2476 395 2512 rins
420 2488 443 2512 a
468 2478 640 2523 Libanm,
666 2477 731 2523 qui
755 2476 797 2513 τὸ
824 2475 1085 2524 βουλευτήριον
1117 2473 1347 2510 auditorium
1377 2473 1512 2508 nactus
1537 2471 1596 2507 est
1618 2472 1669 2515 (Ρ.
