1806 2964
617 211 885 248 EPISTULAE
913 215 1104 249 τεο-292
1215 242 1217 244 .
1462 211 1552 255 275

808 343 909 392 cqoe'.
1479 355 1529 392 w
1555 360 1625 392 294

665 435 754 487 Γερ
764 433 920 491 οντίῳ.
954 436 1062 480 (361)

240 521 277 558 1.
292 513 383 559 Ὅτε
409 516 460 558 σὺ
484 516 560 570 τὴν
584 515 711 572 ἀρχὴν
737 517 975 571 Αἰγυπτίων
994 516 1145 571 ἐδέχου,
1170 516 1255 559 τότε
1273 516 1350 572 ἐγὼ
1370 522 1442 559 τοῦ
1465 517 1556 572 περὶ

177 589 258 625 τῶν
283 584 415 636 φίλων
441 595 506 624 σοι
530 583 702 638 γράφειν
722 582 916 638 ἀνάγκην.
941 582 1089 625 ἐκεῖνοί
1104 598 1144 624 τε
1161 583 1238 639 γὰρ
1257 583 1420 637 ἔμελλον
1444 584 1556 637 αἰτή-

177 661 261 691 σειν
286 648 493 699 ἐπιστολὰς
518 648 610 703 ἐμοί
631 664 671 690 τε
696 648 772 690 οὐκ
796 648 848 690 ἂν
867 644 920 703 ἦν
947 649 1002 702 μὴ
1029 649 1183 691 διδόντι
1207 648 1335 704 λόγος.
1377 653 1416 690 2.
1443 656 1551 704 πρῶ·
1589 664 1605 691 5

178 731 246 766 τος
279 716 330 770 δὴ
366 722 447 756 τῶν
481 715 703 757 αἰτούντων
735 714 804 756 καὶ
839 715 1047 771 φερόντων
1074 710 1336 769 ἹΙρακλείδης
1367 716 1556 770 γίγνεται,

178 786 307 839 πρᾷος
333 780 453 835 ἀνήρ,
477 780 605 836 λέγειν
630 781 766 832 εἰδώς,
790 781 1013 834 ἐπιτήδειος
1037 780 1146 834 ἐμοί,
1171 781 1366 835 Μέμφιδι
1396 782 1556 835 κόσμος.

179 850 311 898 δεῖξον
343 848 394 901 δή
427 863 495 902 μοι
526 852 610 897 τοῖς
640 847 731 902 περὶ
761 853 905 888 τοῦτον
942 847 1071 902 ἔργοις
1101 847 1178 889 εἴτε
1209 848 1276 889 δεῖ
1307 847 1355 888 τὰ
1392 854 1556 890 τοιαῦτα

178 913 430 969 ἐπαγγέλλειν
455 914 531 956 εἴτε
556 913 623 968 μή.

814 1026 914 1081 σαβῖ
1489 1035 1535 1071 W
1555 1040 1626 1072 295

614 1112 861 1170 Εὐθηρίῳ.
888 1115 1121 1160 (357-358)
1578 1134 1611 1159 ιι

243 1203 281 1239 1.
307 1201 396 1239 Σοῦ
423 1195 466 1238 δὲ
491 1197 567 1239 οὐκ
598 1195 650 1237 ἂν
681 1197 877 1250 δεηθείην
911 1190 956 1237 εὖ
994 1201 1126 1238 ποιεῖν
1149 1191 1435 1250 εΗρακλείδην,
1469 1192 1554 1237 ἀλλ’

180 1263 382 1305 ἐπιτάττω.
415 1264 547 1312 δοκεῖς
570 1263 645 1318 γάρ
671 1279 740 1316 μοι
763 1258 883 1304 τοῦθ’
906 1263 1027 1315 ἥδιον
1045 1261 1073 1315 ἢ
1092 1261 1163 1311 τὰς
1188 1262 1340 1315 δεήσεις
1360 1261 1558 1316 δέχεσθαι.

182 1330 226 1371 τὸ
252 1328 295 1371 δὲ
321 1330 470 1382 αἴτιον,
495 1325 620 1370 οἶσθα
645 1333 779 1381 φιλεῖν
811 1328 884 1383 οὐχ
918 1323 1039 1381 ἧττον
1069 1327 1097 1382 ἣ
1128 1327 1275 1382 ἄρχειν.
1318 1331 1357 1370 2.
1383 1328 1492 1383 ἔτυχε
1517 1324 1555 1369 δ’

182 1394 235 1437 ἅν
258 1411 369 1445 τινος
394 1395 556 1450 ἀγαθοῦ
582 1395 689 1448 παρὰ
715 1401 789 1436 σοῦ
816 1394 883 1436 καὶ
901 1394 1145 1449 γραμμάτων
1164 1392 1278 1447 ἄνευ,
1303 1394 1340 1436 εἰ
1355 1395 1559 1450 παραστάς
1581 1409 1613 1435 15

183 1475 247 1504 σοι
260 1459 372 1503 τοῦτ’
383 1461 582 1515 ἐποίησεν,
599 1461 695 1516 ὅπερ
708 1461 866 1502 εἴωθεν.
889 1461 1009 1503 εἴωθε
1027 1459 1069 1502 δὲ
1086 1460 1265 1502 ἐπαινεῖν
1284 1459 1351 1513 ἐμὲ
1364 1460 1432 1501 καὶ
1445 1461 1559 1518 λήψῃ

183 1532 326 1582 πεῖραν
357 1534 430 1570 τοῦ
461 1528 703 1583 πράγματος.
751 1530 788 1568 3.
821 1526 1060 1581 ἀμφοτέρων
1092 1521 1169 1568 οὖν
1200 1527 1351 1579 εἵνεκα,
1382 1525 1450 1568 καὶ
1480 1533 1560 1567 τῶν

185 1594 363 1636 ἐπαίνων
392 1593 462 1635 καὶ
492 1600 572 1635 τῶν
603 1594 866 1648 γραμμάτων,
893 1597 1042 1646 μᾶλλον
1076 1592 1141 1646 δέ,
1171 1592 1240 1634 καὶ
1265 1593 1419 1634 τούτων
1444 1591 1558 1634 ἕνεκα

185 1660 254 1701 καὶ
278 1666 358 1701 τῶν
383 1660 527 1714 λόγων,
552 1658 625 1708 οὓς
659 1658 755 1713 ἕχει,
785 1659 854 1700 καὶ
884 1658 940 1700 ἔτι
971 1665 1096 1713 τιμῶν
1128 1658 1203 1712 τὴν
1234 1657 1411 1711 Μέμφιν
1437 1659 1559 1712 μικρὰ

185 1733 265 1767 τῶν
289 1724 420 1767 ἄλλων
445 1725 490 1766 ἔα
516 1726 676 1766 δεῖσθαι
702 1725 772 1766 τὸν
795 1723 935 1781 ἄνδρα.
1579 1740 1615 1767 20

211 1925 221 1938 ,
260 1881 296 1966 ἒ,
316 1879 384 1963 VIVI
406 1877 455 1938 α’3
481 1877 570 1938 (τογ’.
607 1878 661 1914 Va
685 1877 731 1924 y',
751 1877 836 1914 πθ’.
869 1879 922 1915 Vo
947 1877 994 1924 γ’,
1019 1881 1080 1914 πθ
1138 1881 1182 1914 10
1216 1878 1283 1914 V11
1306 1876 1358 1923 α’,
1382 1875 1474 1915 σοδ’.
1506 1878 1562 1914 Va

187 1940 209 1973 7
224 1954 234 1971 2
301 1955 309 1963 ·
375 1937 397 1962 ⁰
419 1940 442 1973 Y
456 1954 466 1972 τ
493 1937 517 1973 c!

261 2074 283 2106 2
310 2069 358 2107 cf.
378 2080 438 2116 ep.
459 2073 542 2106 306.
562 2069 712 2106 Siever·
731 2072 778 2105 82
797 2070 875 2106 not.
898 2072 954 2106 70.
981 2068 1100 2106 Seeck
1121 2072 1201 2106 163.
1222 2072 1305 2105 377.
1333 2068 1502 2104 Silomon
1516 2072 1561 2104 47

245 2120 267 2154 6
293 2118 340 2155 cf.
361 2129 420 2164 op.
448 2122 530 2154 228.
557 2121 628 2154 229
729 2121 772 2153 11
794 2117 940 2154 Sievers
966 2120 1050 2163 272,
1069 2120 1105 2153 3.
1143 2117 1262 2153 Seeck
1288 2120 1370 2154 150.
1396 2120 1478 2153 377.
1505 2116 1563 2153 Si-

189 2165 318 2203 lomon
343 2170 452 2212 aasq.
505 2169 549 2202 12
575 2166 623 2203 cf.
643 2176 703 2212 ep.
714 2168 783 2201 291

265 2314 287 2347 Β
312 2310 522 2348 αἰτούντων
549 2310 585 2347 V
604 2309 672 2347 sed
696 2310 778 2355 ⁹(1)
802 2308 906 2345 inser
928 2308 987 2344 ω’
1067 2312 1087 2344 ‘1
1113 2313 1236 2352 πρᾶος
1261 2309 1297 2345 V
1371 2311 1395 2345 8
1419 2308 1563 2345 τούτων

191 2359 539 2455 ἔ;(2)1ΐ7αέτυχεν
566 2358 623 2396 Va
667 2360 675 2406 Ι
720 2354 759 2394 δ’
781 2356 832 2394 ἄν
858 2356 993 2404 scripsi
1042 2355 1086 2393 δέ
1109 2356 1200 2393 libri
1223 2356 1335 2393 Wolf
1411 2361 1456 2393 16
1481 2355 1563 2400 εἴω-
