1806 2964
261 221 352 264 420
848 218 1031 255 LIBANII

264 337 443 373 συνεῖναι
477 336 618 385 θαῦμα
652 326 705 384 ἦν
739 331 877 386 ἅτερος
909 328 972 372 ἐπ’
1004 330 1152 385 ἀγορᾶς
1185 329 1401 384 ὁρώμενος,
1434 331 1505 371 καί
1535 345 1624 371 τινα

265 398 479 450 σκώμματα
506 395 751 450 ὑπεμένομεν
777 395 831 446 ὡς
855 394 907 437 ἃν
931 395 971 445 ἐξ
997 395 1178 448 ἀλλήλων
1202 394 1421 449 ἠρτημένω.
1462 399 1530 437 11.
1554 396 1625 438 τὸν

266 467 382 504 θεῖον
407 461 451 503 δέ
476 477 554 515 μου
580 466 709 513 φιλῶν
733 477 771 503 τε
797 461 927 516 ὥσπερ
952 460 1019 514 ἐμὲ
1043 460 1110 502 καὶ
1134 461 1308 514 νομίζων
1331 460 1421 516 περὶ
1453 460 1495 502 σὲ
1518 461 1622 515 γνώ-

268 545 346 581 μης
377 527 477 582 ἔχειν
508 527 639 581 ὥσπερ
679 526 755 582 ἐγὼ
787 527 922 568 δίκαια
952 526 1003 567 ἂν
1028 527 1198 579 ποιοίης.
1247 525 1293 575 ὃς
1316 527 1373 575 εἰς
1397 532 1512 568 τοῦτο
1536 526 1624 579 ἣκει

231 609 247 635 5
268 600 339 635 τοῦ
368 597 583 634 πεπεῖσθαι
611 597 769 647 κρατεῖν
794 604 836 633 σε
866 593 1028 634 πάντων
1053 591 1190 649 ἀρετῇ,
1222 591 1318 632 ὥστε
1349 591 1426 646 πρὸ
1450 598 1523 634 τοῦ
1554 589 1628 644 μὲν

268 666 388 701 ταῦτα
412 659 574 700 ἀκούων
597 659 728 711 ἥδετο,
745 665 823 699 νῦν
849 657 892 698 δὲ
917 657 960 699 ἐν
978 662 1062 707 τοῖς
1081 655 1367 711 (φάσκουσιν)
1384 656 1624 711 ἀριθμεῖται.

272 728 339 766 12.
365 725 594 778 Κλημάτιος
618 723 661 766 δὲ
685 724 808 765 αὐτὸν
834 722 888 772 ὥς
916 723 988 777 μὲν
1013 729 1114 764 νοῦν
1138 722 1276 777 ἔχοντα
1300 723 1422 764 πάλαι
1446 722 1626 776 ἐθαύμα-

269 803 351 843 σεν,
376 796 453 831 νῦν
485 788 527 830 δὲ
558 789 625 830 καὶ
656 793 782 842 φιλεῖ,
808 790 910 831 διότι
940 787 982 830 σὲ
1019 788 1178 837 ἐκεῖνος.
1222 787 1289 829 καὶ
1319 788 1370 841 δὴ
1403 787 1471 830 καὶ
1501 787 1625 830 αὐτὸν

270 856 314 897 ἐκ
339 844 500 908 Ῥώμης
528 856 677 908 ἥκοντα
712 854 815 909 ἤρου
852 855 1059 908 φάσκοντα
1094 853 1288 909 ἀνδράσιν
1319 853 1495 908 ἐντυχεῖν
1532 853 1627 908 ἀγα-

215 936 251 961 10
269 926 363 971 θοῖς
396 921 561 974 αὐτόθι,
593 920 809 975 διηγήσατο
846 921 1049 969 πολλάκις·
1082 920 1184 974 ἔλεγε
1222 919 1265 961 δὲ
1303 919 1357 969 ὡς
1394 919 1515 970 αὐτὸς
1552 918 1626 972 μὲν

276 988 382 1040 ἥκων
415 986 580 1028 ἐπαινοῖ
598 987 672 1038 τὴν
695 986 740 1028 ἐν
767 984 895 1043 Ῥώμῃ
921 986 1074 1040 βουλὴν
1108 986 1173 1027 ἐπὶ
1207 986 1420 1040 φρονήσει,
1453 986 1505 1027 σὺ
1530 982 1568 1026 δ’
1597 985 1634 1026 εἰ

275 1054 490 1109 Φασγανίῳ
514 1068 572 1101 τις
597 1051 857 1106 προσόμοιος,
882 1053 1046 1094 πύθοιο.
1101 1055 1166 1092 13.
1191 1058 1308 1093 τοῦτο
1341 1050 1383 1093 δὲ
1407 1050 1507 1105 ἡμῖν
1530 1051 1631 1093 ἕντι-

272 1119 436 1172 μότερον
461 1117 488 1172 ἢ
513 1119 550 1158 εἰ
573 1118 764 1174 Πινδάρῳ
797 1117 923 1159 πολλὰ
957 1119 1014 1167 εἰς
1047 1117 1120 1170 τὴν
1154 1115 1348 1172 ἡμετέραν
1382 1117 1514 1159 οἰκίαν
1548 1115 1631 1172 ἐγέ-

271 1199 432 1239 γραπτο.
476 1184 708 1237 Κλημάτιον
733 1182 775 1224 δὲ
800 1183 844 1224 τὸ
870 1182 942 1236 μὲν
965 1182 1147 1236 ἐρώτημα
1171 1182 1460 1238 ἀπαγγείλαντα
1484 1181 1551 1224 καὶ
1576 1180 1638 1239 ὥς,

220 1262 254 1289 15
274 1249 476 1303 ἠπόρησεν
506 1249 753 1302 ἀποκρίσεως
782 1249 953 1301 ἐπαινῶ,
979 1248 1185 1303 μέμφομαι
1216 1248 1259 1290 δὲ
1285 1248 1344 1289 ὅτι
1369 1263 1415 1302 με
1440 1247 1634 1302 βουλόμε-

273 1332 344 1364 νος
374 1315 570 1369 ὑγιαίνειν
602 1312 690 1356 ἔσθ’
719 1315 781 1356 ὅτε
818 1314 885 1355 καὶ
915 1314 1212 1369 ἀρρωστοῦντος
1241 1315 1369 1367 ἥδετο.
1420 1313 1535 1363 εἰδὼς
1558 1313 1633 1368 γὰρ

274 1381 327 1431 ὡς
353 1381 407 1434 μὴ
432 1387 649 1430 νοσοῦντος
675 1380 747 1433 μὲν
770 1376 983 1422 ἀπεκλείετ’
1011 1379 1062 1421 ἂν
1086 1380 1166 1422 ὑπὸ
1191 1386 1272 1421 τῶν
1295 1381 1477 1434 βιβλίων,
1508 1378 1632 1420 ἀσθε-

274 1454 412 1489 νοῦντι
438 1445 479 1487 δὲ
505 1446 580 1500 ἔχει
599 1450 742 1499 λαλεῖν,
768 1445 885 1488 ὁπότε
903 1445 1049 1499 ἐθέλοι,
1067 1447 1201 1500 λαβών
1225 1461 1272 1499 με
1290 1443 1375 1502 ῥᾴω
1399 1443 1494 1487 ποτὲ
1517 1451 1634 1487 τοῦτο

275 1513 514 1566 ἐξελάλησεν,
540 1512 592 1561 ὡς
611 1511 688 1566 ἄρα
707 1528 744 1552 τι
767 1512 873 1568 αὑτῷ
893 1511 960 1553 καὶ
978 1513 1178 1567 χαρίσαιτο
1203 1510 1229 1565 ἡ
1258 1511 1383 1561 νόσος.
1426 1514 1492 1552 14.
1517 1510 1568 1552 σὺ
1593 1507 1633 1552 δ’

223 1591 258 1617 εο
277 1578 400 1620 αὐτὸν
429 1577 457 1632 ἢ
486 1578 530 1619 ἐν
564 1579 714 1634 Νικαία
744 1577 932 1632 κατέχειν,
961 1577 1036 1627 ἕως
1066 1576 1119 1617 ἂν
1149 1577 1278 1617 πάντα
1309 1575 1485 1634 ἀκούσῃς
1509 1599 1555 1606 -
1581 1574 1637 1625 ὧς

276 1645 428 1697 πολλήν
439 1659 482 1698 γε
495 1644 644 1696 κομίζει
656 1643 842 1698 διήγησιν
855 1667 902 1672 -
914 1642 941 1697 ἢ
961 1643 1264 1695 συνοδοιπορεῖν
1283 1642 1339 1691 εἰς
1359 1642 1638 1695 Νικομήδειαν

277 1709 377 1764 ὑπὲρ
400 1717 472 1764 τῆς
496 1709 630 1763 ἀκοῆς.

345 1818 366 1849 8
392 1813 648 1860 Phaaganium
675 1813 720 1849 ef.
741 1812 764 1848 l.
790 1817 832 1849 12

354 1914 372 1945 1
399 1909 530 1952 ἅτερος
555 1908 688 1955 scripsi
720 1920 804 1944 oum
829 1908 884 1944 Re
927 1911 1082 1954 ἅστερος
1108 1905 1201 1944 VVa'
1232 1907 1298 1944 sed
1329 1907 1370 1944 in
1401 1906 1472 1944 hoc
1533 1917 1621 1956 oras·

279 1956 434 2002 ἀστέρος
445 1956 554 1992 Wolf
622 1960 643 1992 6
669 1955 879 2000 φάσκουσιν
897 1956 1037 1992 innotui
1069 1967 1155 1992 cum
1187 1955 1240 1991 Ro
1273 1955 1393 2002 Suppl
1426 1955 1491 2002 qui
1525 1957 1637 1991 anton.

280 2003 450 2052 λέγουσιν
463 2003 546 2041 coni
585 2015 646 2040 om
665 2003 754 2040 libri
773 2003 904 2050 Wolf!
926 2004 1177 2050 ἀριθμεῖσθαι
1190 2003 1245 2040 Re
1260 2002 1379 2050 Suppl
1423 2006 1443 2038 ⁷
1465 2002 1634 2048 ἐθαύμα-

280 2055 340 2095 ζεν
359 2053 394 2089 V
470 2056 492 2088 8
527 2053 576 2093 ὡς
601 2053 688 2088 ante
722 2050 839 2088 αὑτὸν
869 2051 1109 2088 inserendum
1135 2051 1220 2087 coni
1244 2051 1300 2087 Re
1397 2054 1418 2087 ⁹
1447 2049 1543 2097 ἤρου
1560 2051 1596 2088 V

284 2104 328 2136 10
352 2099 425 2147 γὰρ
449 2103 538 2147 post
567 2099 770 2147 διηγήσατο
801 2099 1042 2136 inserendum
1076 2099 1162 2135 coni
1187 2099 1242 2135 Re
1287 2100 1294 2145 Ι
1339 2098 1463 2145 ἔλεγεν
1489 2099 1547 2136 Va

285 2151 328 2183 12
352 2159 451 2193 προσ
476 2147 606 2195 ὅμοιος
631 2148 686 2185 Va
755 2151 798 2184 13
825 2148 859 2184 εί
883 2158 943 2184 om
970 2147 1006 2183 V
1075 2151 1119 2183 15
1171 2159 1189 2184 ε
1214 2146 1356 2183 inserui
1381 2157 1402 2182 ο
1426 2146 1533 2183 libris
1577 2157 1639 2183 om

282 2194 392 2232 Wolf
456 2199 499 2231 1‘1
525 2194 730 2232 ἀπεκλείετ’
753 2195 904 2241 reposui
923 2205 944 2231 e
963 2194 1070 2231 libris
1089 2206 1129 2231 se
1178 2194 1291 2241 suppl
1317 2194 1391 2231 Va⁸
1426 2191 1637 2232 &uenulae

282 2242 392 2280 Wolf
437 2243 666 2280 ἀσθενοῦντι
689 2245 728 2280 et
750 2245 875 2280 λαλεῖν
899 2243 1033 2290 scripsi
1058 2252 1078 2278 e
1105 2243 1141 2280 V
1171 2243 1426 2284 ἀσθενοῦντος
1450 2243 1490 2279 et
1512 2242 1642 2291 λαβεῖν

291 2293 347 2328 Va
423 2290 481 2329 olf
551 2294 596 2328 18
621 2289 762 2328 ὁππότε
788 2292 846 2339 V!
867 2290 993 2328 ἐθέλοι
1018 2291 1074 2326 Va
1099 2289 1167 2326 sed
1198 2303 1235 2327 οι
1258 2290 1300 2327 in
1331 2301 1415 2327 ουσι
1441 2301 1524 2327 corr
1547 2288 1606 2326 ιιι*
1626 2289 1647 2373 ι

283 2337 325 2375 δὲ
354 2339 387 2376 V
408 2339 472 2376 sod
500 2339 540 2375 in
565 2350 625 2376 ru
649 2339 706 2374 m*
727 2341 734 2386 ι
755 2336 873 2385 ᾆάιων
899 2339 934 2375 V
955 2338 1020 2374 sed
1041 2351 1063 2374 ν
1082 2349 1165 2375 eras
1240 2342 1284 2374 19
1310 2338 1411 2387 αὐτῷ
1423 2336 1512 2374 libri
1537 2336 1626 2374 Wol
