1806 2964
284 220 372 263 514
866 217 1048 254 LIBANII

284 334 415 387 βῆναι.
456 334 493 371 2.
519 334 684 370 ποιεῖται
711 328 754 370 δὲ
778 329 845 370 καὶ
869 329 943 381 τὴν
967 329 1179 383 πρεσβείαν
1203 329 1323 378 αὐτὸς
1342 329 1411 370 τὸν
1435 332 1550 370 θεῖον
1569 329 1639 370 τὸν

283 396 378 449 ἐμὸν
397 395 514 447 ἀφεὶς
531 402 600 447 τῆς
627 393 734 435 ὁδοῦ.
772 395 969 447 καμόντος
992 393 1066 449 γὰρ
1092 393 1229 451 ἐκείνῳ
1254 400 1325 435 τοῦ
1351 394 1542 447 σώματος,
1566 400 1637 435 τοῦ

285 461 327 502 δὲ
358 460 546 515 ἄρχοντος
577 459 803 514 ἐγκειμένου
828 459 895 500 καὶ
925 460 1153 508 κελεύοντος
1178 458 1205 512 ἢ
1230 459 1404 512 βαδίζειν
1429 457 1455 512 ἣ
1480 459 1639 499 πείθειν

283 527 414 580 ἕτερον
438 526 561 567 αὐτοῦ
588 525 642 578 μὴ
667 525 782 579 χείρω
806 525 875 566 τὸν
901 523 973 577 μὲν
996 524 1146 573 ἐκεῖνος
1171 524 1329 573 ἔδειξεν,
1363 522 1384 564 ὀ
1410 523 1453 565 δὲ
1477 522 1626 577 ὑπέστη

248 609 264 634 5
286 595 324 633 3.
349 593 415 632 καὶ
440 598 516 633 νῦν
541 596 660 645 γενοῦ
683 589 774 644 περὶ
798 597 940 632 τοῦτον
966 587 1050 639 οἷος
1073 588 1125 630 ἂν
1151 585 1261 642 ἦσθα
1285 588 1385 643 πρὸς
1404 588 1567 630 ἐκεῖνον.

212 742 261 778 W
286 745 356 779 465
909 731 1017 786 φνα’.

496 815 501 820 ’
731 817 976 874 Θεμιστίῳ.
1028 825 1197 872 (356757)

346 906 384 943 1.
409 898 497 944 Εἶτ’
521 902 596 943 οὐκ
621 902 694 943 οἴει
719 916 765 954 με
790 906 860 942 τοῦ
886 900 1032 949 παντὸς
1058 899 1108 941 ἂν
1133 901 1330 955 πρίασθαι
1354 900 1397 941 τὸ
1417 905 1491 941 σοῦ’
1510 903 1641 951 καθη-

285 966 408 1020 μένου
439 968 563 1016 δεῐξαι
594 967 662 1008 τὸν
687 967 824 1022 λόγονς
856 962 957 1019 ἀλλ’,
988 962 1119 1019 οἶμαι,
1151 965 1193 1007 σέ
1216 981 1254 1006 τε
1285 965 1453 1006 κωλύειν
1484 964 1559 1006 οὐκ
1591 959 1643 1019 ἦν

234 1045 268 1072 ιο
286 1032 408 1074 καλὸν
432 1032 522 1085 ε’μοί
553 1047 592 1073 τε
626 1031 752 1087 λέγειν
777 1031 852 1074 οὐκ
886 1025 939 1084 ἦν
963 1046 1026 1072 πω
1061 1030 1244 1072 δυνατόν.
1297 1034 1334 1071 2.
1369 1037 1440 1071 τοῦ
1466 1028 1509 1071 δὲ
1534 1030 1643 1080 ὅπως

286 1098 451 1138 κείσεται
475 1097 581 1152 παρὰ
606 1097 670 1139 σοὶ
693 1097 761 1139 καὶ
785 1104 908 1139 ταῦτα
931 1096 999 1138 καὶ
1023 1103 1102 1138 τῶν
1127 1094 1257 1137 ἄλλων
1282 1095 1356 1137 οὐκ
1381 1095 1493 1150 ὀλίγα
1518 1111 1644 1151 φρον-

287 1170 367 1204 τιῶ·ο
405 1168 487 1213 τοῖς
511 1179 550 1204 τε
575 1163 650 1218 γὰρ
675 1161 965 1218 ἡμαρτημένοις
991 1162 1065 1204 οὐκ
1088 1161 1140 1203 ἂν
1164 1160 1281 1210 ἄλλος
1305 1160 1469 1214 ἄμεινον
1493 1161 1647 1215 βοηθοῑ

288 1230 335 1269 τά
360 1244 398 1269 τε
425 1228 478 1282 μὴ
503 1235 635 1278 κακῶς
659 1227 846 1283 εἰρημένα
870 1228 1098 1282 δεξιώτερον
1123 1226 1332 1280 ἐπαινέτην
1357 1226 1430 1267 οὐκ
1449 1225 1500 1267 ἂν
1518 1226 1642 1280 λάβοι.

291 1297 327 1335 3.
354 1295 531 1347 Λητόιον
557 1294 599 1336 δὲ
624 1294 691 1335 καὶ
720 1294 912 1349 πρότερον
937 1294 1080 1348 ἔγνως,
1111 1291 1232 1346 ἡνίκα
1256 1289 1351 1345 παρ’
1373 1291 1469 1345 ὑμῖν
1495 1291 1566 1345 μὲν
1591 1287 1644 1345 ἧν

232 1378 268 1404 15
286 1360 376 1414 ἐγώ,
400 1360 506 1414 παρὰ
532 1359 575 1401 δὲ
599 1360 668 1401 τὸν
693 1358 855 1413 βασιλέα
886 1354 941 1400 δι’
962 1358 1076 1412 ὑμῶν
1108 1354 1224 1407 οὗτος
1249 1357 1402 1413 ἐχώρει,
1433 1356 1500 1398 καὶ
1525 1358 1643 1410 δεῦρο

288 1425 398 1478 ἥκων
422 1421 533 1480 εὗρες
557 1425 601 1467 ἐν
627 1425 735 1482 δόξῃ.
761 1424 828 1465 καὶ
851 1431 929 1465 νῦν
958 1423 1150 1478 ἐντυχών,
1175 1424 1212 1464 εἰ
1234 1423 1342 1464 πάνυ
1367 1423 1553 1476 ποιήσαιο
1580 1423 1646 1474 φί-

286 1494 376 1543 λον,
414 1491 462 1532 οὐ
498 1491 640 1549 φήσεις
673 1492 964 1544 βεβουλεῦσθαι
1002 1496 1144 1538 κακῶς.
1187 1488 1286 1543 πρὸς
1318 1487 1393 1543 γὰρ
1426 1491 1480 1544 τῷ
1514 1491 1645 1540 φιλεῖν

286 1556 432 1597 εἰδέναι
456 1556 522 1597 καὶ
555 1557 687 1610 μένειν
719 1553 827 1597 οἶδεν
857 1554 901 1596 ἐν
926 1559 983 1611 τῷ
1004 1558 1148 1608 φιλεῖν,
1174 1552 1196 1596 ὃ
1221 1554 1272 1606 δὴ
1302 1553 1368 1595 καὶ
1399 1553 1449 1594 σὺ
1480 1554 1644 1607 μάλιστα

286 1626 413 1670 ποιεῖς
442 1638 480 1662 τε
505 1621 572 1662 καὶ
596 1623 723 1678 τιμᾷς.
768 1624 807 1664 4.
831 1619 929 1674 ἡμῖν
954 1619 996 1662 δὲ
1027 1619 1116 1661 ἀντὶ
1139 1623 1296 1662 πολλῶν
1319 1618 1482 1671 κατέστη
1507 1618 1645 1674 λέγων,

361 1753 380 1783 θ
415 1750 465 1785 V!
487 1748 532 1794 γ’,
559 1747 653 1794 σμδ’.
687 1748 742 1785 Va
769 1747 817 1794 ς’,
842 1746 907 1791 νζ.
942 1748 992 1785 Vo
1017 1747 1064 1792 ς’,
1090 1746 1144 1790 νῖ

363 1871 380 1904 1
409 1868 455 1904 cf.
476 1880 532 1914 ep.
554 1871 623 1903 552
645 1869 651 1913 Ι
672 1867 938 1914 Ρὴαεςαιιὶυιτι.
959 1866 1076 1903 Seeck
1094 1869 1164 1902 ³28
1228 1869 1247 1901 7
1275 1864 1418 1902 Sievers
1433 1867 1478 1900 75
1496 1866 1570 1901 not.
1586 1867 1643 1899 23.

289 1915 406 1951 Seeck
431 1920 510 1951 296.
538 1919 617 1951 334.
645 1914 812 1951 Silomon
837 1919 882 1950 52
960 1919 1002 1950 14
1029 1914 1075 1951 cf.
1095 1925 1154 1960 ep.
1175 1917 1255 1950 552.
1292 1912 1410 1949 Seeck
1435 1915 1503 1948 197
1542 1912 1549 1960 Ι
1595 1911 1644 1948 cf.

289 1975 347 2009 ep.
369 1967 448 1999 516.
476 1963 591 1998 Seeck
618 1967 687 1999 294
755 1967 799 1998 15
826 1962 872 1999 cf.
893 1973 950 2009 ep.
971 1966 1053 1998 518.
1073 1960 1299 1998 51538οοοΚ
1324 1964 1393 1996 296

363 2087 380 2118 1
409 2083 521 2124 αὐτὸς
545 2082 676 2128 sotipsi
699 2093 718 2117 e
735 2082 770 2118 V
787 2081 854 2117 aed
880 2094 922 2122 ος
939 2091 985 2117 ex
1008 2095 1056 2127 ην
1082 2092 1165 2117 eon·
1181 2080 1249 2125 ω’,
1269 2080 1312 2115 ut
1331 2079 1415 2116 coni
1434 2079 1488 2115 Re
1524 2077 1645 2124 αὐτὴν

298 2131 352 2166 Va
362 2132 412 2167 Vo
438 2130 545 2166 Wolf
624 2135 646 2165 4
672 2127 710 2167 δ’
742 2129 795 2166 Va
821 2128 929 2164 Wolf
1009 2133 1031 2164 5
1056 2129 1121 2164 καὶ
1146 2128 1277 2174 scripsi
1304 2138 1325 2163 e
1352 2127 1386 2164 V
1408 2127 1474 2163 καὶ
1498 2139 1540 2167 ος
1566 2127 1621 2162 Va

289 2176 437 2218 δίκαιος
464 2179 515 2214 Vo
540 2177 648 2214 Wolf
717 2181 736 2212 7
767 2175 949 2225 Θεμιστίφ
974 2187 1036 2212 om
1062 2177 1114 2213 Vo
1190 2179 1232 2211 12
1258 2175 1367 2216 ἄλλος
1392 2175 1426 2211 V
1447 2173 1514 2210 sed
1538 2187 1580 2216 ος
1603 2173 1644 2209 in

288 2237 349 2261 ras
373 2226 430 2260 m⁵
450 2228 456 2271 1
477 2227 603 2273 βοηθῇ
630 2226 682 2262 Vo
706 2224 814 2261 Wolf
884 2229 929 2261 14
955 2225 1043 2270 ὑμῖν
1067 2222 1137 2270 μὲν
1156 2218 1204 2268 ἦν
1227 2222 1378 2269 reposui
1397 2234 1417 2258 e
1443 2223 1478 2258 V
1497 2222 1540 2257 ut
1559 2219 1644 2258 coni

290 2272 344 2308 Re
381 2273 471 2319 ὑμῖν
496 2272 621 2319 μένειν
647 2273 703 2309 Va
713 2273 763 2309 Vo
805 2272 895 2319 ἡμῖν
925 2272 1046 2318 μένων
1071 2270 1180 2307 Wolf
1211 2271 1300 2316 ὑμῖν
1324 2269 1448 2316 μένειν
1478 2281 1644 2315 παρῃτη-

290 2320 413 2366 σάμην
444 2321 512 2366 μὲν
543 2320 629 2357 coni
661 2319 838 2356 Seeckius
870 2323 939 2355 884
964 2320 1042 2355 not.
1069 2323 1088 2355 1
1125 2318 1222 2354 falso
1253 2317 1375 2354 Letoii
1406 2317 1453 2353 de
1484 2316 1644 2352 Libmio

291 2368 392 2414 apud
417 2368 680 2414 imperatorem
698 2367 923 2413 petissionem
941 2370 1111 2403 statuens
1133 2369 1200 2402 197
1240 2370 1284 2402 15
1304 2364 1361 2401 δι’
1381 2365 1485 2411 ὑμῶν
1509 2363 1644 2409 scripsi

291 2419 335 2451 ut
360 2416 444 2452 coni
469 2416 523 2451 Re
561 2413 614 2451 δι’
637 2415 743 2462 ἡμῶν
770 2416 825 2452 Va
835 2416 886 2452 Vo
909 2414 1020 2451 Wolf
1052 2425 1113 2451 om
1133 2414 1167 2450 V
1231 2417 1275 2449 18
1300 2413 1424 2459 καὶ<2)
1455 2411 1595 2448 inserui
1622 2421 1644 2446 e

300 2464 334 2499 V
366 2475 426 2499 om
454 2464 568 2500 VaVo
592 2463 701 2499 Wolf
771 2467 813 2499 19
841 2468 960 2504 ποιεῖς
986 2463 1020 2499 V
1040 2461 1107 2498 sed
1132 2463 1201 2508 ι(1)
1226 2460 1327 2497 inser
1350 2460 1408 2496 m‘
