1806 2964
295 226 385 270 480
886 225 1070 262 LIBANII

294 338 523 392 ἔμπροσθεν
546 337 714 387 ἐκείνοις
744 336 818 392 ἐγὼ
845 336 917 390 μὲν
945 334 1037 379 οἶδα
1060 337 1128 379 καὶ
1158 343 1238 378 τῶν
1264 344 1339 379 νῦν
1369 338 1504 393 χάριν,
1537 339 1658 388 αὐτὸς

293 403 368 458 γὰρ
394 400 446 457 ἦν
479 403 601 457 ὅσπερ
627 404 868 457 ἔμπροσθεν,
893 404 959 444 δεῖ
983 401 1027 445 δὲ
1057 402 1125 445 καὶ
1157 403 1262 452 ὑμᾶς
1292 403 1440 445 εἰδέναι
1471 405 1655 461 δημοσίᾳ.

293 468 368 522 τὴν
409 469 484 523 γὰρ
527 470 644 511 πόλιν
680 468 730 520 ὖμ
738 473 777 510 ῖν
819 468 1001 521 ἀπέφηνε
1043 469 1285 522 θαυμαστὴν
1326 469 1371 511 ἐκ
1414 475 1493 510 τῶν
1529 469 1654 511 αὑτοῦ

293 535 452 589 τρόπων
489 539 543 591 τῷ
584 538 706 592 κοινῷ
737 533 858 584 δόξαν
900 535 1091 589 περιθείς.
1138 533 1261 589 ἔφυγέ
1290 550 1330 576 τε
1361 534 1435 590 γὰρ
1470 534 1542 584 οὓς
1574 534 1654 576 ἔδει

257 615 274 642 ⁶
294 604 442 655 φυγεῖν
475 600 666 654 ἐχρήσατό
700 615 738 640 τε
775 596 836 649 οἷς
867 599 922 652 μὴ
947 599 1146 654 χρώμενος
1178 599 1230 641 ἂν
1263 599 1403 654 ἠδίκει.
1447 601 1656 654 δυνάμεως

262 667 280 697 †
296 664 339 707 δὲ
395 661 446 719 ἧς
488 664 624 718 ἢλπιζέ
666 681 704 706 τε
746 665 814 706 καὶ
867 666 1034 707 δικαίων
1081 665 1190 720 παρὰ
1230 672 1302 719 τῆς
1351 666 1482 720 Τύχης
1521 665 1655 720 ἐγέλα-

291 744 380 782 σεν,
418 731 492 773 οὐκ
522 731 734 785 ἐταράχθη.
781 733 819 772 3.
852 730 1003 784 κομίζει
1035 730 1079 773 δέ
1112 743 1175 772 σοι
1209 731 1276 773 καὶ
1310 727 1426 781 οὗτος
1466 731 1652 787 διήγησιν

291 788 553 851 πραγμάτων,
591 796 723 851 ὥσπερ
760 795 910 846 ἐκεῖνος
940 797 1182 850 Κλημάτιος.
1228 792 1295 850 ἐφ’
1317 793 1378 847 οἷς
1409 796 1549 851 δέομαί
1576 809 1651 839 σου

291 861 417 915 μηδὲν
448 861 635 917 ἀλγῆσαι,
667 863 734 903 ἴνα
759 862 814 915 μὴ
839 862 948 903 πάνυ
979 877 1049 915 μοι
1080 863 1197 914 φίλος
1226 859 1285 904 ὢν
1315 861 1504 916 ἀνόμοιος
1527 855 1577 920 ᾖς
1601 866 1655 920 τῷ

237 943 273 970 ιο
292 929 414 985 φίλῳ·
442 927 494 976 ὡς
520 927 650 982 ἔμοιγε
680 928 812 981 πάσης
844 927 976 981 ἐφάνη
1006 928 1183 982 γαλήνης
1218 928 1415 985 πρᾳότερα
1446 927 1494 969 τὰ
1523 943 1650 983 παρα-

291 994 490 1046 στήσα-ντά
515 1009 584 1046 μοι
608 994 730 1043 δόξαν
755 993 814 1035 ὅτι
838 993 1015 1045 λυπήσει.
1050 997 1088 1035 4.
1113 993 1160 1034 τὰ
1185 992 1257 1046 μὲν
1283 988 1358 1035 οὖν
1381 1000 1460 1035 τῶν
1479 997 1650 1035 πολιτῶν

290 1059 396 1112 πλὴν
427 1065 497 1100 τοῦ
535 1060 817 1108 Κοκκυλίωνος
847 1057 1033 1114 ἡμέτερα,
1062 1058 1130 1100 καὶ
1160 1059 1243 1100 νέοι
1279 1058 1346 1100 καὶ
1374 1058 1553 1115 γέροντες
1581 1058 1650 1101 καὶ

289 1131 369 1166 τῶν
394 1140 436 1179 γε
462 1123 586 1174 ξένων
611 1124 699 1165 ὅσοι
717 1124 884 1179 γαστρὸς
902 1123 1114 1179 ἐγκρατεῖς·
1134 1131 1213 1166 τῶν
1239 1123 1281 1166 δὲ
1299 1124 1368 1174 τὰς
1387 1126 1500 1174 δίκας
1523 1124 1650 1180 λέγειν

290 1188 364 1243 μὲν
389 1190 439 1232 οὐ
464 1189 721 1243 δυναμένων,
747 1191 804 1239 εἰς
828 1189 872 1231 δὲ
896 1191 989 1239 τοὺς
1013 1189 1198 1245 λέγοντας
1228 1190 1551 1244 εἰσβιαζομένων,
1576 1189 1648 1239 οὓς

235 1271 269 1298 ιι
289 1256 332 1298 τὸ
367 1256 461 1305 τοὺς
491 1255 680 1309 ἀμείνους
710 1257 920 1311 λοιδορεῖν,
944 1254 1038 1296 ἄλλο
1064 1254 1107 1298 δὲ
1132 1255 1251 1298 οὐδὲν
1276 1255 1327 1296 ἂν
1357 1256 1522 1309 ποιήσαι
1544 1271 1647 1310 γνω-

288 1323 450 1377 ρίμους,
487 1318 598 1363 οὗτοι
637 1322 786 1375 μισθὸν
823 1328 894 1363 τοῦ
928 1321 1102 1362 δειπνεῖν
1141 1325 1224 1370 τοῖς
1254 1320 1408 1363 ἑστιῶσι
1437 1319 1650 1375 παρέχουσι

287 1386 363 1441 τὴν
387 1387 450 1428 ἐπὶ
475 1391 556 1436 τοῖς
581 1388 812 1440 φληνάφοις
836 1387 950 1441 βοήν.
991 1390 1029 1428 5.
1055 1385 1076 1428 ὅ
1102 1386 1145 1428 δὲ
1175 1387 1245 1436 σὸς
1268 1386 1418 1436 ἐκεῖνος
1448 1385 1601 1440 ἑταῖρος
1626 1383 1647 1426 ὁ

286 1453 453 1503 παλαιὸς
483 1453 529 1494 τὰ
570 1451 642 1506 μὲν
680 1451 778 1494 ἅλλα
817 1453 911 1503 ἴσως
945 1452 993 1495 οὖ
1034 1453 1174 1507 κακός,
1212 1449 1456 1506 Ἰσοκράτους
1493 1451 1536 1494 δὲ
1573 1451 1646 1494 οὐκ

288 1518 441 1560 ἀκούει·
466 1518 753 1560 κολακεύεσθαι
777 1517 851 1573 γὰρ
883 1517 1020 1560 ἐθέλει.
1064 1518 1207 1560 τούτου
1232 1516 1275 1559 δὲ
1300 1515 1413 1571 ἡμεῖς
1437 1513 1559 1559 οἶσθα
1593 1516 1648 1566 ὡς

233 1600 268 1627 ιο
287 1584 469 1638 ἀμαθεῖς.
501 1580 584 1625 εἶτά
609 1597 710 1637 φησι
733 1584 876 1638 λόγους
901 1582 973 1637 μὲν
997 1583 1174 1624 ἐπαινεῖν
1197 1583 1291 1633 τοὺς
1310 1581 1536 1637 ἡμετέρους,
1559 1582 1646 1638 τρό·

287 1666 378 1699 ποις
404 1648 446 1691 δὲ
471 1649 515 1691 έν
541 1645 602 1699 οἷς
629 1653 799 1690 θωπεῖαι
829 1650 899 1690 καί
920 1665 1009 1690 τινα
1029 1645 1086 1690 ὧν
1112 1649 1185 1690 οὐκ
1204 1647 1256 1690 ἂν
1280 1647 1505 1698 έπαινέσαις
1529 1653 1646 1690 ποιεῖ.

286 1717 420 1770 χάριεν
445 1714 488 1757 δὲ
512 1715 579 1756 καὶ
603 1716 746 1756 τούτου
771 1715 837 1756 καὶ
862 1721 940 1756 τῶν
964 1714 1094 1756 ἄλλων
1119 1716 1161 1756 τὸ
1188 1711 1248 1764 οἷς
1260 1721 1446 1756 ποιοῦσιν
1465 1714 1645 1768 αἰσχύνε-

360 1847 382 1878 4
407 1842 516 1879 Isocr.
537 1842 634 1878 Phil.
655 1846 675 1886 ᾖ
697 1845 764 1877 149
784 1854 821 1888 p.
843 1845 943 1878 1120
1016 1846 1037 1877 8
1064 1853 1121 1888 ep.
1142 1845 1211 1878 496
1297 1845 1341 1877 10
1366 1841 1459 1877 Plat.
1480 1852 1538 1888 ep.
1559 1845 1579 1877 ’1
1605 1853 1643 1888 p.

287 1890 399 1927 3851)
481 1895 524 1926 12
557 1891 602 1926 of.
635 1901 693 1936 ep.
726 1893 808 1925 529.
840 1893 920 1925 637.
942 1889 1086 1925 Sievere
1113 1893 1155 1925 'u
1176 1891 1253 1926 not.
1269 1894 1325 1925 51.
1358 1889 1525 1926 Silomon
1551 1893 1595 1925 52

289 1943 334 1975 14
353 1938 401 1974 cf.
419 1941 447 1974 t.
467 1937 518 1973 IV
538 1941 619 1982 2³4,
635 1941 680 1974 18
755 1941 798 1973 18
818 1937 957 1985 [Iseon]
984 1937 1138 1974 Demon.
1159 1941 1205 1973 30
1223 1949 1260 1984 p.
1274 1940 1324 1973 8c

359 2061 380 2092 2
407 2056 520 2102 ὅσπερ
547 2056 682 2103 scripsi
707 2067 727 2092 e
755 2057 806 2093 Vo
832 2055 896 2091 sed
924 2066 945 2091 σ
968 2056 1070 2092 inser
1094 2056 1149 2091 m‘
1186 2054 1278 2100 ὅπερ
1305 2056 1434 2093 VVaS
1455 2055 1563 2092 Wolf

286 2109 310 2140 4
333 2103 483 2150 τρόπων
508 2105 537 2142 S
559 2105 626 2140 sed
651 2118 674 2141 ν
698 2104 737 2139 in
763 2115 824 2139 ms
849 2103 906 2139 m‘
995 2108 1018 2140 4
1043 2103 1180 2149 ἔφυγεν
1204 2104 1244 2139 et
1269 2107 1290 2139 6
1315 2102 1465 2151 ἤλπιζέν
1491 2104 1547 2140 Va

286 2157 369 2199 bsq.
398 2154 503 2198 „sort
530 2151 725 2198 δυνάμεως
748 2152 790 2187 δὲ
815 2164 859 2187 τυ
883 2151 947 2196 ὼν,
971 2147 1017 2195 ἧς
1040 2149 1167 2195 ἥλπιζέ
1193 2163 1233 2187 τε
1255 2151 1319 2187 καὶ
1339 2150 1497 2192 δικαίως
1519 2152 1640 2198 τυχὼν

285 2200 390 2243 παρὰ
413 2206 480 2247 τῆς
502 2200 616 2260 τύχης
640 2199 833 2246 έγέλασεν“
854 2164 909 2234 ἦε
929 2197 1048 2245 Suppl
1071 2210 1162 2234 num
1187 2197 1314 2243 ἤλπιζέ
1332 2212 1373 2245 γε
1397 2199 1463 2234 ’καὶ
1487 2199 1642 2241 δικαίως

285 2248 390 2291 παρὰ
414 2253 480 2294 τῆς
517 2250 639 2295 Τυχης
670 2245 939 2306 <ἀτυχήσας>ἳ
970 2247 1016 2283 cf.
1034 2258 1071 2293 p.
1091 2249 1175 2292 489,
1191 2253 1209 2281 1
1237 2248 1274 2283 et
1303 2250 1386 2288 491,
1406 2249 1451 2282 10
1531 2249 1552 2282 9
1578 2245 1642 2283 ἵνα

285 2309 350 2340 μοι
373 2295 476 2332 πάνυ
501 2295 610 2341 φίλος
633 2295 663 2332 S
703 2296 711 2341 Ι
756 2308 800 2343 ῃς
823 2293 958 2340 scnpai
983 2304 1004 2329 e
1031 2294 1060 2330 S
1082 2295 1125 2329 ut
1153 2294 1237 2330 coni
1263 2294 1317 2330 Ro
1354 2291 1390 2331 εἷ
1414 2294 1504 2331 VVo
1541 2290 1641 2342 ᾗῩα

286 2340 309 2391 ᾖ
334 2343 444 2379 Wolf
502 2346 546 2378 10
571 2340 761 2387 πραότερα
788 2342 822 2377 V
880 2346 921 2377 11
949 2354 1013 2387 μοι
1038 2352 1098 2377 om
1125 2342 1207 2388 Va!
1234 2341 1378 2388 λυπήση
1406 2341 1460 2378 Va
1496 2341 1638 2388 λυπήσῃ

284 2391 314 2428 S
404 2395 448 2427 15
467 2395 622 2436 ποιῆσαι
649 2391 704 2426 Va
740 2389 888 2434 ποιήσει
907 2388 1014 2426 Wolf
1107 2392 1152 2424 20
1171 2388 1304 2436 λόγους
1328 2388 1464 2435 scripsi
1489 2390 1640 2425 auctore

285 2439 340 2475 Re
376 2437 472 2487 λόγῳ
496 2438 585 2474 libri
613 2437 718 2474 Wolf
786 2441 830 2473 21
858 2435 1057 2478 ἐπαινέσας
1083 2437 1237 2474 VVaVo
1283 2437 1466 2484 ἐπῄνεσας
1495 2437 1524 2474 S
1558 2448 1641 2473 corr

284 2485 393 2523 Wolf
474 2489 519 2521 22
550 2484 681 2533 χαρίεν
707 2485 763 2522 Va
805 2485 934 2532 χαριὲν
961 2485 1012 2521 Vo
1061 2484 1107 2520 cf.
1133 2485 1183 2520 ad
1207 2496 1265 2531 ep.
1286 2488 1330 2520 72
