1806 2964
646 226 921 264 EPISTULAE
948 231 1142 265 188-185
1239 211 1242 214 ’
1487 228 1573 271 171

195 339 346 391 ἔξεστιν
370 341 512 394 εἰπεῖν,
538 340 597 381 ὅτι
620 339 729 382 ἔσται
752 340 978 395 πρόθυμος.
1024 343 1064 383 4.
1090 340 1140 382 οὔ
1164 339 1241 396 γὰρ
1260 340 1311 394 δὴ
1334 339 1409 394 τὴν
1427 341 1575 395 πρᾶξιν

195 406 343 461 οἴχεται
367 405 587 462 ἀποφέρων
615 405 636 448 ὅ
662 406 818 462 χρόνος,
843 403 941 461 ἀλλ’,
965 406 1018 461 ἣν
1042 406 1206 465 ἐθέλῃς,
1238 406 1318 448 ἔστι
1337 407 1483 449 δοῦναι
1499 406 1575 460 τὴν

196 472 331 529 χάριν,
361 473 400 514 εἰ
427 472 495 514 καὶ
525 472 716 528 βραδέως.
750 471 917 526 ἄμεινον
949 471 992 514 δὲ
1023 469 1135 527 οἶμαι
1166 474 1312 515 δοῦναι
1342 473 1522 529 βραδέως
1546 471 1574 526 ἢ

197 538 251 592 μὴ
284 539 428 580 δοῦναι
452 538 528 592 τὴν
553 539 679 593 χάριν.

834 663 932 721 ρπε’.
1498 673 1550 710 w
1577 677 1646 710 185

677 750 932 809 Εὖφημίῳ.
975 762 1082 806 (360)
1610 766 1626 792 s

259 839 295 876 1.
314 832 530 888 Ῥουφῖνος
554 838 752 892 συγγενὴς
777 835 851 890 μέν
875 836 982 878 ἐστιν
1002 833 1225 891 Ὀλυμπίου
1249 844 1322 879 τοῦ
1345 838 1477 890 πάνυ,
1503 837 1572 890 φί-

194 905 262 952 λος
287 900 330 944 δὲ
355 901 472 956 ἐμός,
497 903 568 946 τὸν
591 909 766 959 συγγενῆ
785 901 862 958 γὰρ
881 907 1068 957 μιμεῖται,
1093 910 1165 956 τῆς
1185 902 1228 946 δὲ
1246 903 1336 960 περὶ
1354 904 1425 946 τὸν
1442 904 1568 959 ῦπαρ-

191 984 264 1023 χον
295 976 480 1024 στρατιᾶς
505 969 639 1025 ὅτιπερ
670 969 902 1022 κεφάλαιον.
946 970 1074 1028 τούτῳ
1105 972 1304 1025 Κυρῖνος,
1335 971 1406 1020 σὸς
1431 969 1476 1013 δὲ
1500 965 1572 1012 οὗ-

191 1050 258 1084 τος
294 1035 554 1090 στρατιώτης,
587 1035 793 1091 θυγατέρα
826 1035 1011 1089 βούλεται
1042 1035 1116 1090 μὲν
1147 1037 1293 1078 δοῦναι
1322 1043 1426 1078 νοῦν
1456 1036 1572 1091 ἔχων,
1591 1050 1627 1077 ιο

191 1100 317 1154 μέλλει
354 1100 398 1144 δὲ
423 1098 495 1143 ’ὑπ’
516 1101 716 1158 ἀνάγκης,
747 1102 906 1156 ἵδρυται
932 1101 1008 1157 γὰρ
1039 1101 1084 1144 ἐν
1108 1104 1289 1161 Βερροίᾳ.
1341 1106 1380 1145 2.
1406 1103 1501 1157 μετὰ
1528 1103 1571 1146 δὲ

191 1173 264 1210 τοῦ
287 1169 487 1223 γαμηλίου
507 1168 607 1219 Διὸς
631 1169 682 1211 σὺ
707 1169 847 1223 κύριος
871 1168 1063 1223 γενέσθαι
1086 1169 1181 1219 τοὺς
1200 1170 1375 1224 γάμους,
1399 1168 1454 1224 ἢν
1473 1169 1571 1211 ἀνα-

191 1236 311 1274 λῦσαι
333 1232 405 1274 τὸν
429 1236 612 1288 Κυρῖνον
637 1233 736 1288 ἡμῖν
762 1233 959 1292 ἐθελήσῃς
983 1233 1134 1291 ἡμέρας
1163 1235 1213 1278 οὗ
1237 1236 1398 1287 πολλάς.
1442 1237 1510 1278 δεῖ
1527 1236 1573 1278 δέ

190 1311 234 1341 σε
259 1301 502 1356 θεραπεύειν
526 1301 598 1343 τὸν
615 1301 771 1355 Γάμον,
797 1301 906 1351 ὅπως
931 1314 996 1343 σοι
1019 1301 1068 1343 τὰ
1093 1302 1258 1358 δεύτερα
1282 1309 1354 1344 τοῦ
1380 1307 1482 1345 θεοῦ
1505 1303 1571 1359 γέ-

189 1381 309 1420 νηται
333 1367 484 1420 βελτίω.
530 1370 569 1409 3.
595 1363 682 1409 ἀλλ’
705 1368 815 1418 ὅπως
847 1368 903 1422 μή
929 1383 998 1422 μοι
1021 1368 1065 1410 τὸ
1090 1368 1156 1410 καὶ
1182 1369 1227 1411 τὸ
1253 1365 1352 1423 μηδ’
1379 1369 1570 1425 ἀσχολίαν
1590 1382 1624 1409 1⁶

190 1429 288 1487 μηδ’
317 1431 372 1482 ὡς
398 1433 471 1488 οὐχ
497 1430 586 1477 οἷόν
610 1449 651 1475 τε
675 1433 777 1488 μηδὲ
796 1441 921 1476 ταῦτα
940 1434 991 1488 δὴ
1011 1434 1060 1476 τὰ
1079 1435 1254 1477 εἰωθότα
1271 1436 1446 1494 γράψῃς.
1482 1436 1570 1478 δεό-

189 1503 299 1553 μεθα
322 1499 398 1555 γὰρ
425 1500 475 1542 οὗ
506 1500 609 1543 διότι
641 1500 713 1543 τὸν
737 1500 869 1556 ἄνδρα
893 1501 969 1543 οὐκ
993 1500 1156 1555 ἀφῆκας
1176 1500 1367 1556 ἀκοῦσαι,
1391 1498 1472 1544 ἀλλ’
1494 1502 1569 1544 αὐ-

188 1565 259 1608 τὸν
284 1564 490 1618 ἀφεθέντα
514 1566 586 1608 τὸν
609 1566 741 1622 ἄνδρα
765 1568 878 1610 ἰδεῖν.

262 1722 284 1754 ⁶
317 1719 387 1760 V11
409 1718 459 1765 α’,
484 1716 575 1765 ρξε’.
611 1721 664 1757 Va
691 1719 738 1768 β’,
763 1720 846 1757 ποθ’.
881 1721 934 1758 Vo
959 1719 1006 1768 β’,
1031 1720 1101 1757 a&

262 1866 285 1899 6
312 1862 458 1900 Sievors
486 1866 531 1899 70
555 1865 635 1901 noi.
655 1868 714 1901 47.
741 1868 824 1910 220,
839 1869 872 1901 8.
900 1864 1020 1902 Seeck
1047 1869 1127 1902 136.
1155 1869 1225 1903 368
1289 1870 1310 1902 7
1336 1866 1457 1903 Seeck
1483 1871 1564 1904 223.

189 1913 260 1948 2⁶8
311 1915 332 1947 9
358 1911 406 1948 cf.
427 1912 476 1948 ad
496 1923 555 1960 ep.
572 1916 641 1949 190
660 1912 685 1950 1.
703 1916 746 1949 18
759 1914 797 1950 et
812 1917 853 1949 19
905 1918 950 1949 14
970 1913 1018 1950 of.
1038 1914 1089 1951 ad
1108 1915 1135 1950 t.
1167 1913 1219 1950 VI
1237 1917 1320 1960 516,
1337 1919 1393 1952 11.
1418 1915 1564 1952 Philox.

188 1959 231 1995 fr.
254 1962 299 1996 18
318 1959 444 2006 Bergk
469 1960 537 1998 PL.
558 1961 609 1997 lII
628 1961 719 1998 614⁴
739 1963 746 2008 Ι
769 1961 972 1998 Salzmann
997 1965 1045 1998 64

262 2108 282 2140 1
311 2104 427 2153 ἔσται]
453 2105 520 2142 καὶ
544 2105 594 2142 Vs·
653 2109 674 2141 2
701 2104 751 2142 ἂν
775 2104 886 2143 Wolf
961 2109 983 2142 9
1009 2112 1186 2152 στρατιᾶς
1210 2107 1347 2155 scripsi
1371 2119 1459 2145 oum
1484 2108 1565 2145 Sie-

189 2152 313 2195 xerflio
339 2157 411 2190 220
436 2153 512 2190 coll
536 2154 563 2190 ίὶ.
589 2153 642 2190 IV
662 2157 720 2198 75,
737 2158 756 2190 7
802 2152 1000 2200 στρατείας
1028 2154 1119 2192 libri
1149 2155 1260 2192 Wolf
1331 2160 1374 2193 11
1401 2155 1564 2207 βερροίᾳ

196 2201 255 2237 Va
278 2201 347 2238 eod
371 2202 452 2247 0(2)
479 2201 542 2239 del
561 2202 609 2239 of.
630 2202 679 2238 ad
701 2213 760 2250 ep.
781 2206 861 2239 137.
884 2206 990 2240 1269.
1015 2205 1047 2240 t.
1066 2204 1115 2240 ΠΙ
1139 2206 1199 2249 50,
1214 2207 1278 2249 183
1305 2207 1420 2251 99‚4;
1447 2208 1563 2251 176‚5

189 2249 229 2285 et
255 2252 317 2294 113
350 2253 468 2296 177,6
545 2254 591 2286 12
622 2256 690 2287 τοῦ
716 2250 841 2297 γάμου
862 2251 918 2298 Vl
938 2249 988 2298 ἢν
1012 2263 1074 2289 om
1100 2253 1138 2290 V
1171 2254 1178 2298 Ι
1218 2252 1406 2290 ἀναλόσαι
1433 2251 1484 2291 Vo

190 2299 235 2334 18
260 2297 445 2345 ἐθελήσας
468 2297 578 2334 Wolf
601 2299 670 2335 sed
698 2310 781 2336 oon·
805 2299 892 2336 Add
918 2302 987 2336 861
1071 2304 1117 2337 14
1150 2299 1282 2347 Γάμον
1311 2300 1447 2349 scripsi
1487 2302 1564 2339 coll

187 2342 230 2381 ll.
254 2344 295 2382 ll.
332 2346 456 2393 γάμον
485 2345 576 2384 libri
601 2346 708 2384 Wolf
781 2351 827 2383 16
851 2347 902 2394 μὴ
928 2345 971 2385 δὲ
998 2349 1051 2386 Vo
1125 2351 1172 2386 18
1203 2348 1403 2396 ἀφεθέντα
1428 2350 1562 2397 scripsi

188 2394 342 2431 auctore
366 2393 423 2431 Ro
453 2393 601 2442 ἀφέντα
624 2394 715 2432 libri
740 2394 850 2433 Wolf
