1806 2964
652 202 923 240 EPISTULAE
952 207 1138 239 142-144
1237 179 1240 182 Δ
1499 204 1582 246 141

203 314 306 372 ὑπὲρ
337 315 502 370 ἀπόρων
533 315 785 368 ἐπιστέλλεις,
817 313 903 357 ἀλλ’
925 317 963 358 εἰ
992 316 1059 358 καὶ
1091 315 1206 370 ἡμῶν
1232 311 1368 372 ἦρχες,
1399 312 1510 358 ταῦτ’
1532 315 1585 358 ἂν

201 381 381 437 ὦδύρου·

419 443 587 486 ἀπόλοιο
613 441 719 498 δῆτ’,
746 440 777 485 ὦ
803 444 966 497 πόλεμε,
991 447 1150 486 πολλῶν
1175 444 1342 495 οὕνεκα,

419 509 464 560 ὃς
489 511 583 561 τοὺς
607 512 784 560 Καλλίας
809 510 928 560 ὀξέως
944 510 1076 566 ’Ίρους
1101 515 1240 560 ποιεῖς.

839 691 941 748 ρμδ’.
1507 699 1555 734 W
1583 704 1652 735 144

672 781 740 835 Τῷ
761 778 900 835 αὐτῷ.
939 786 1110 834 (359s60)
1618 793 1633 818 ο

257 867 295 904 1.
333 866 422 904 Τῶν
447 859 653 904 Ἑστιαίου
684 864 843 904 παίδων
875 862 980 916 μέλει
1011 878 1080 916 μοι
1111 863 1178 904 καὶ
1210 863 1278 904 διὰ
1308 863 1404 912 τοὺς
1435 864 1578 912 θείους

193 929 345 982 αὐτῶν,
371 931 413 971 οἳ
435 930 734 982 συνεφοίτησάν
759 945 847 983 μοι,
873 929 942 970 καὶ
967 929 1034 971 διὰ
1059 929 1129 971 τὸν
1154 931 1336 983 πάππον,
1362 928 1408 980 ὃς
1432 929 1504 971 ἕνα
1529 946 1577 978 με

191 994 325 1051 ἡγεῖτο
359 1003 440 1037 τῶν
473 995 608 1038 υἱέων.
647 994 847 1045 Ἑστιαῖος
879 995 922 1037 δὲ
957 996 1044 1049 ἐμοὶ
1077 995 1151 1050 μὲν
1182 997 1371 1050 συνήθης
1403 996 1479 1038 οὐκ
1509 992 1575 1051 ἦν,

189 1061 410 1104 ἐπαινεῖται
436 1062 491 1104 δέ.
529 1063 573 1105 τὸ
600 1061 643 1104 δὲ
670 1062 872 1118 μέγιστον,
896 1069 977 1104 τῶν
1002 1062 1110 1116 ἐμῶν
1135 1063 1179 1104 οἵ
1199 1064 1403 1105 νεανίσκοι
1429 1079 1572 1117 φοιτη-
1596 1085 1630 1108 ιο

189 1136 270 1171 τῶν
296 1129 391 1183 μετὰ
423 1136 503 1171 τῶν
535 1130 665 1184 λόγων
691 1130 970 1183 μελετήσαντες
995 1130 1210 1170 αἰδεῖσθαι.
1252 1133 1290 1172 2.
1317 1126 1374 1171 δι’
1398 1129 1506 1171 ὅσων
1531 1129 1574 1171 δὲ

189 1196 380 1248 κυμάτων
411 1194 436 1249 ή
469 1197 601 1251 μήτηρ
633 1196 771 1246 αὐτοῖς
801 1196 979 1237 ἐλθοῦσα
1011 1196 1125 1249 μόλις
1150 1194 1414 1250 ἀνέπνευσεν,
1449 1192 1574 1238 οἶσθα

187 1261 256 1303 καὶ
289 1262 348 1304 ὅτι
378 1270 451 1304 τοῦ
483 1264 680 1304 κινδύνου
706 1261 779 1316 μὲν
805 1262 1036 1318 ἀπηλλάγη,
1068 1263 1184 1316 μείζω
1212 1261 1255 1303 δὲ
1280 1264 1473 1316 πεποίηκε
1497 1263 1572 1317 τὴν

187 1323 316 1371 οὖσαν
347 1329 416 1370 καὶ
446 1328 543 1384 πρὶν
574 1330 730 1370 πενίαν.
768 1332 807 1371 3.
840 1329 920 1371 ἔστι
955 1329 999 1371 δέ
1029 1346 1088 1379 τις
1120 1328 1341 1385 ἅνθρωπος
1371 1328 1416 1370 ἐν
1447 1330 1571 1388 Κύρῳ

185 1396 360 1451 Μᾶρης,
387 1399 537 1449 μᾶλλον
562 1395 688 1449 πένης
713 1394 740 1450 ἢ
765 1395 913 1451 γέρων,
941 1396 1022 1437 ἔστι
1047 1395 1090 1437 δὲ
1115 1396 1183 1437 καὶ
1210 1396 1314 1450 μάλα
1338 1395 1477 1452 γέρων.
1523 1395 1570 1438 ὃν
1591 1414 1624 1440 15

188 1463 243 1516 μὴ
277 1463 533 1503 παντάπασιν
563 1462 795 1517 ἐκτριβῆναι
826 1462 985 1504 δέονται
1016 1461 1089 1515 μὲν
1121 1459 1253 1517 οὗτοι,
1291 1463 1489 1518 βούλομαι
1526 1462 1569 1504 δὲ

184 1528 283 1583 ἐγώ,
315 1528 453 1582 κύριος
479 1527 522 1570 δὲ
548 1529 611 1570 σύ.
650 1536 782 1584 σχῆμα
808 1527 851 1570 δὲ
876 1536 924 1586 τῇ
944 1531 1119 1586 βοηθείᾳ
1140 1530 1258 1572 δώσει
1276 1528 1470 1584 βασιλέως
1492 1545 1568 1571 πα·

184 1594 275 1636 λαιὰ
300 1595 512 1650 γράμματα
536 1595 742 1651 γράμμασι
770 1597 972 1648 Θεοφίλου
998 1597 1281 1650 βεβαιούμενα.

255 1726 277 1758 5
314 1724 379 1764 Vn
403 1723 454 1767 α’,
480 1723 571 1769 ρκε’.
605 1725 663 1761 Va
687 1724 735 1772 β’,
762 1724 836 1771 μη’.
869 1725 922 1761 Vo
948 1722 994 1772 β’,
1021 1724 1084 1771 μη’

253 1836 338 1878 3sq.
365 1833 480 1869 Arist.
501 1833 592 1870 nub.
614 1837 648 1869 6.
675 1833 722 1870 cf.
744 1833 871 1870 Herm.
899 1833 968 1870 XII
987 1837 1057 1869 207
1072 1846 1127 1880 sq.
1186 1838 1206 1869 6
1229 1833 1348 1870 Seeck
1375 1838 1457 1870 244.
1479 1838 1561 1870 366.

181 1879 351 1917 Silomon
370 1885 416 1917 36
517 1886 562 1918 15
583 1882 631 1918 cf.
652 1893 711 1928 ep.
735 1885 803 1918 136
849 1885 894 1918 18
915 1882 1034 1918 Seeck
1053 1886 1118 1917 311

254 2006 273 2038 1
295 1998 384 2049 ἦρχε
405 2004 452 2040 Vi
473 2005 479 2047 Ι
500 2008 622 2039 ταῦτα
641 2004 817 2040 VaVoVi
851 2001 955 2039 τοῦτ’
980 2004 1033 2041 W
1082 2007 1103 2039 2
1126 2003 1270 2049 ὀδύρου
1295 2004 1344 2040 Vi
1393 2007 1414 2039 3
1435 2005 1560 2040 ἀπώλ-

178 2051 260 2087 λοιο
293 2051 340 2087 Vi
364 2048 544 2088 ἀπόλλοιο
578 2052 679 2088 Vina
712 2054 718 2098 Ι
765 2051 813 2098 δὴ
838 2048 901 2088 τ’ἆ)
934 2052 986 2089 W
1064 2056 1086 2087 4
1114 2049 1366 2100 ὃς-ποιεῑς]
1391 2053 1561 2099 respexit

178 2097 395 2134 Demetrius
427 2098 570 2145 Cydon.
597 2110 657 2145 ep.
683 2104 706 2136 5
742 2099 799 2135 ed.
833 2099 1021 2136 Matthaei
1052 2100 1231 2138 Isocratis
1263 2110 1348 2147 epp.
1375 2100 1559 2147 Mosquae

180 2149 272 2183 1776
292 2159 329 2193 p.
350 2151 395 2183 39
423 2146 570 2194 τρέχειν
599 2148 718 2184 ἐκεῖσε
749 2147 856 2192 παρὰ
883 2147 951 2185 τὸν
978 2149 1068 2190 τοὺς
1089 2146 1214 2194 Ἴρους
1249 2147 1364 2192 ὀξέως
1392 2147 1558 2193 Καλλίας

177 2194 462 2232 ἀποδεικνύντα
482 2197 488 2242 Ι
510 2193 552 2238 ὃς
571 2194 739 2237 Καλλίας
757 2194 846 2241 μάλ’
871 2196 985 2241 ὀξέως
997 2195 1121 2243 Ἴρους
1134 2202 1259 2239 ποιεῖς
1277 2197 1364 2233 coni
1377 2196 1557 2243 Domine,

177 2240 220 2284 ὃς
257 2242 372 2287 ὀξέως
408 2243 498 2286 τοὺς
531 2242 699 2286 Καλλίας
727 2242 854 2289 Ἴρους
883 2251 1009 2288 ποιεῖς
1043 2245 1146 2281 Benz
1183 2243 1226 2286 ὃς
1262 2245 1351 2287 τοὺς
1380 2245 1558 2288 καλλίους

179 2289 308 2333 οἴκους
332 2290 458 2336 ἱεροὺς
482 2297 604 2334 ποιεῖς
623 2292 678 2328 Re
698 2292 777 2328 Not
798 2294 804 2339 Ι
825 2291 960 2335 καλίας
985 2293 1024 2329 D
1100 2297 1120 2329 7
1147 2291 1315 2330 ἐστιαίου
1341 2293 1431 2330 libri
1456 2294 1561 2331 Wolf

224 2342 247 2374 8
272 2339 400 2376 αὐτῶν
424 2339 568 2376 inserui
593 2351 614 2376 e
645 2340 754 2377 libris
805 2352 867 2376 om
895 2341 1002 2378 Wolf
1059 2345 1081 2377 9
1113 2342 1275 2383 ἐστιαῖος
1298 2341 1387 2378 libri
1412 2341 1524 2378 Wolf

177 2389 222 2422 13
247 2386 456 2434 πεποίηκεν
479 2389 538 2425 Va
555 2387 666 2424 Wolf
737 2392 782 2424 14
813 2389 855 2426 ἐν
879 2388 982 2426 inser
1012 2390 1086 2426 Vo⁸
1134 2401 1197 2426 om
1231 2390 1325 2427 VVa
1388 2394 1434 2427 15
1453 2387 1477 2437 ἦ
1498 2391 1555 2428 Va
