1806 2964
305 214 331 253 4
340 212 395 252 74
897 210 1079 247 LIBANH

232 329 282 364 W
303 333 396 365 1288
937 320 1042 374 qu'.

804 389 1037 450 Ἀνακείῳ.
1073 403 1177 447 (356)

373 480 409 517 1.
428 476 515 518 Οὐκ
540 476 868 529 ἕπιλελησμένους
892 483 961 530 τῆς
986 478 1116 526 ξενίας
1139 476 1462 531 ἀναμιμνήσκεις,
1486 477 1583 519 ἀλλὰ
1599 476 1666 520 καὶ

308 542 409 595 πρὸς
434 540 582 591 ἄλλους
605 542 809 594 εἰπόντας,
835 542 940 591 ὅστις
965 542 1021 591 εἰς
1045 540 1151 595 ’ἡμᾶς
1174 543 1317 597 γένοιο.
1355 549 1434 584 τῶν
1458 544 1599 593 ξενίων
1624 542 1666 584 δὲ

272 623 288 649 5
310 607 473 648 ἐκείνων
507 606 556 649 οὐ
581 609 694 661 χείρω
719 607 830 648 ταυτὶ
855 607 901 647 τὰ
926 607 1144 662 γράμματα.
1201 611 1240 649 2.
1265 609 1392 650 καίτοι
1422 624 1465 662 γε
1489 609 1668 663 γραμμά-

309 689 390 714 των
415 672 557 726 ἓτέρων
581 672 795 725 ἐπιθυμεῖν
820 673 908 714 ἴσον
932 672 988 721 εἰς
1012 672 1130 725 τιμὴν
1149 678 1202 729 τῷ
1220 675 1389 728 γράφειν
1414 673 1547 715 αὐτόν.
1573 674 1667 715 ὥστε

310 742 392 787 τοῖς
417 739 613 793 μεγίστοις
639 738 870 792 εὐφραίνεις
893 738 1039 791 τρισίν,
1065 734 1124 787 οἷς
1149 754 1189 780 τε
1213 740 1450 792 κατελύομεν
1473 739 1581 794 παρὰ
1606 740 1667 781 σοὶ

309 803 376 844 καὶ
408 799 468 852 οἷς
495 799 727 852 ἕπιστέλλεις
757 803 824 844 καὶ
850 804 908 844 ὅτι
927 802 969 843 τὸ
989 805 1125 856 λαβεῖν
1140 802 1235 858 παρ’
1257 803 1373 858 ἡμῶν
1397 804 1606 858 ἐπιστολὴν
1624 804 1669 846 ἐν

313 870 465 926 μεγάλῳ
490 876 597 926 ποιῇ.
643 872 682 910 3.
708 868 783 923 ἐγὼ
810 868 851 911 δὲ
877 869 926 911 οὐ
950 870 1049 911 κατὰ
1080 870 1173 919 τοὺς
1207 870 1356 919 κακοὺς
1387 869 1577 923 ἐμέλλησα
1601 870 1672 911 αὖ·

258 950 293 976 ιο
312 936 442 987 λητάς,
467 931 550 975 ἀλλ’
574 935 617 976 οἱ
638 936 834 988 διδόντες,
860 935 966 984 ὅπως
997 937 1175 990 λάβοιεν,
1201 935 1276 977 οὐκ
1300 935 1502 989 ἔπραττον.
1538 935 1605 977 καὶ
1630 937 1674 977 οἱ

313 999 385 1053 μὲν
409 999 593 1054 ἠδίκουν,
619 1000 693 1055 ἐγὼ
719 1001 762 1041 δὲ
787 999 830 1041 ἕν
855 1001 1011 1053 αἰτίαις,
1037 1001 1100 1054 ὅς,
1125 1002 1161 1042 εἰ
1183 1000 1250 1042 καὶ
1276 1002 1364 1041 λίαν
1389 1000 1519 1055 ἀργῶς
1550 997 1669 1055 εἶχον,

313 1066 387 1107 οὐκ
411 1064 462 1107 ἂν
487 1066 543 1115 εἴς
567 1081 609 1120 γε
628 1065 851 1119 ἐπιστολήν,
876 1073 1036 1121 πρᾶγμα
1056 1067 1159 1108 οὕτω
1177 1072 1350 1119 κοῦφον,
1374 1073 1489 1108 τοῦτο
1514 1066 1671 1107 ἔπαθον

312 1131 380 1172 καὶ
410 1138 534 1173 ταῦτα
563 1132 663 1186 πρὸς
695 1133 826 1184 φίλον.
865 1135 904 1172 4.
930 1127 1025 1185 ἀλλ’,
1056 1128 1185 1185 οἶμαι,
1219 1130 1381 1172 ἐκείνων
1412 1131 1455 1172 τὸ
1486 1131 1670 1186 ἔγκλημα.

314 1204 388 1238 σοῦ
415 1195 457 1238 δὲ
483 1196 595 1250 ἡμεῖς
620 1197 688 1238 τὸν
715 1194 826 1238 οἷκον
850 1198 1104 1252 γραμμάτων,
1129 1197 1166 1239 εί
1181 1197 1421 1252 γραμμάτων
1445 1190 1671 1250 ἐπιθυμεῖς,

261 1278 295 1304 ιο
314 1262 575 1315 ἕμπλήσομεν.

243 1330 291 1365 W
311 1334 381 1366 414
401 1329 509 1376 (Ceut
531 1333 586 1374 ιι)
945 1319 1053 1371 υοθῖ

811 1394 1040 1452 Σελεύκῳ.
1074 1403 1180 1447 (356)

381 1482 415 1519 1.
437 1473 664 1532 Ὁμολογῶν
689 1477 842 1519 ἀδικεῖν
873 1482 925 1534 τῷ
954 1476 1008 1530 μὴ
1040 1477 1193 1531 γράψαι
1224 1477 1371 1519 σαυτὸν
1402 1474 1607 1534 ἀφῄρησαι
1631 1477 1674 1518 τὸ

317 1548 552 1597 κατηγορεῖν
577 1543 688 1596 ἔχειν.
722 1542 798 1597 ἐγὼ
822 1543 896 1597 γὰρ
921 1541 1002 1596 ἤδη
1026 1543 1188 1597 γίνομαι
1212 1549 1290 1583 τῶν
1323 1541 1602 1596 ἀμυνομένων,
1624 1543 1675 1583 οὐ

262 1625 298 1651 20
316 1616 396 1650 τῶν
421 1608 687 1662 ἠδικηκότων,
712 1609 752 1649 εἴ
770 1624 813 1662 γε
839 1608 881 1649 τὸ
907 1607 1137 1661 ἀμύνεσθαι
1171 1608 1281 1665 νόμῳ
1307 1607 1473 1648 δέδοται.
1513 1611 1550 1648 2.
1575 1607 1675 1662 πρὸς

319 1675 361 1716 δὲ
387 1675 454 1716 καὶ
479 1676 582 1716 οὕτω
609 1687 650 1715 σε
675 1674 854 1727 κινήσειν
878 1674 1040 1727 ἔμελλον
1064 1674 1121 1723 εἰς
1145 1674 1192 1714 τὰ
1216 1673 1424 1728 γράμματα
1442 1673 1618 1727 σιγήσας.
1642 1674 1679 1714 εἰ

392 1772 410 1803 1
449 1767 495 1803 Vt
518 1767 563 1813 γ’,
589 1766 686 1812 oms.
720 1766 776 1802 Va
795 1765 841 1810 ς’,
861 1765 902 1803 ε’.
930 1766 981 1801 Vo
1006 1766 1069 1813 [ς’,
1090 1765 1134 1814 ε’]
1209 1769 1253 1801 16
1289 1766 1336 1801 VJ
1353 1764 1398 1811 γ’,
1418 1764 1523 1810 ρπθ’.
1550 1766 1604 1802 Va
1630 1765 1676 1807 ς’,

320 1816 366 1855 ς’.
398 1816 451 1852 Vo
476 1814 523 1858 ς’,
549 1814 594 1854 ς’.
621 1815 650 1851 S
674 1813 723 1858 α’,
749 1814 810 1860 ιη’.
840 1815 886 1850 Vi
912 1813 1014 1861 [ρβΊ.
1050 1813 1149 1850 Vina
1173 1812 1219 1860 γ’.
1245 1813 1285 1848 D
1310 1812 1372 1850 ἰδ’

393 1904 414 1936 2
441 1898 558 1935 Seeck
583 1903 641 1934 91.
667 1902 736 1934 330
786 1901 806 1933 9
835 1897 1034 1934 Salzmaun
1060 1901 1106 1934 60
1155 1901 1198 1933 17
1227 1896 1344 1934 Seeck
1370 1900 1451 1933 2⁷2.
1476 1899 1546 1931 330

395 1987 417 2018 6
444 1980 525 2020 ἴσον
551 1984 586 2018 V
607 1981 715 2018 Wolf
749 1984 755 2029 1
794 1982 836 2018 τὸ
862 1982 895 2016 V
919 1981 985 2018 sed
1010 1981 1049 2017 in
1073 1987 1124 2017 τῶ
1151 1992 1233 2017 corr
1257 1981 1324 2024 αι’,
1355 1981 1413 2017 Va
1486 1983 1507 2015 9
1533 1978 1680 2027 μεγάλῳ

331 2031 386 2067 Va
399 2031 465 2067 sed
484 2043 528 2077 με
548 2029 610 2066 del
631 2033 636 2076 Ι
659 2035 748 2077 ποιῇ
773 2029 925 2075 reposui
950 2040 971 2065 e
995 2028 1103 2064 libris
1127 2035 1249 2070 ποιεῖς
1271 2027 1380 2064 Wolf
1431 2031 1473 2063 11
1502 2028 1535 2064 εἰ
1559 2025 1622 2062 del
1640 2035 1680 2062 et

323 2079 389 2114 καὶ
424 2078 535 2125 ἡλίαν
570 2078 693 2124 ἀργῶς
729 2076 839 2123 suppl
865 2077 940 2113 Va⁵
1038 2081 1081 2112 12
1106 2087 1196 2112 voce
1226 2081 1336 2112 τοῦτο
1361 2075 1423 2112 inc
1457 2075 1507 2111 Vo
1531 2073 1584 2110 fol
1609 2077 1654 2110 ⁹6

323 2132 434 2162 τοῦτο
460 2127 495 2162 V
516 2125 583 2161 sed
614 2139 634 2162 ο
666 2125 706 2161 in
725 2123 736 2138 '
766 2136 847 2161 corr
877 2124 934 2160 m‘
1008 2128 1052 2160 14
1077 2123 1278 2170 ἐπιθυμεῖς
1311 2122 1447 2170 scripsi
1471 2133 1492 2158 e
1519 2123 1550 2159 l'
1593 2121 1680 2170 ἐρᾷς

330 2173 450 2210 VaVo
475 2173 583 2209 Wolf
665 2177 709 2210 18
735 2172 873 2209 σαυτὸν
892 2193 937 2199 -
959 2176 1002 2208 19
1028 2172 1125 2219 ἔχειν
1142 2170 1358 2218 praemissis
1382 2169 1506 2206 verbis
1530 2169 1678 2218 ἀφῄρη-

326 2235 394 2268 μαι
418 2221 503 2258 ἀντὶ
530 2220 704 2267 ἐστέρησα
730 2221 780 2261 ὡς
797 2220 862 2256 καὶ
886 2218 1056 2268 λιβάνιος
1074 2219 1169 2255 citafi
1187 2219 1406 2265 Lacapenu·
1425 2216 1577 2264 epimer.
1598 2216 1678 2252 cod.

325 2270 444 2315 Mosq.
465 2268 530 2305 fol.
551 2272 593 2303 31
672 2272 715 2304 19
741 2266 918 2314 γίγνομαι
944 2268 999 2304 Va
1009 2268 1060 2304 Vo
1139 2270 1185 2302 20
1211 2266 1251 2303 εί
1266 2278 1308 2313 γε
1327 2286 1375 2294 —
1395 2264 1548 2302 δέδοται
1571 2274 1681 2311 prae-

327 2317 451 2352 missis
475 2316 598 2352 verbis
624 2316 815 2362 ἀμύνομαι
840 2315 926 2352 ἀντὶ
949 2320 1200 2362 τιμωροῦμαι,
1230 2314 1281 2356 ὥς
1303 2314 1369 2350 καὶ
1393 2311 1562 2361 λιβάνιος
1587 2311 1681 2348 citat

327 2365 547 2410 Lampenus
578 2363 730 2409 opimer.
763 2363 845 2399 cod.
871 2362 990 2408 Mosq.
1016 2362 1080 2398 sol.
1101 2365 1146 2398 28
1168 2363 1175 2409 1
1196 2361 1327 2408 ἐπειδὴ
1350 2360 1477 2407 Ιιιοαρ
1504 2361 1509 2406 Ι
1537 2359 1680 2406 ἀμύνα-

327 2416 423 2448 σθαι
447 2412 514 2448 seu
539 2426 556 2448 ε
581 2422 696 2457 supra
720 2424 745 2446 α
770 2411 896 2457 Lacap
923 2413 929 2455 Ι
957 2409 1105 2447 δίδοται
1130 2409 1254 2456 Lacap
1339 2412 1384 2444 21
1409 2406 1682 2453 παρακινήσιιν

328 2460 357 2496 S
376 2462 382 2506 Ι
403 2460 454 2502 ὡς
474 2461 506 2496 V
529 2459 595 2495 sed
621 2459 675 2500 εἰς
700 2469 876 2504 suprascr
895 2458 962 2500 m‘.
995 2458 1043 2494 Vi
