1806 2964
693 325 1102 375 PRAEFATIO

287 412 467 452 Tandem
493 414 588 463 post
613 414 677 451 tot
700 424 836 453 moras
861 413 1176 464 innumerasque
1202 413 1466 454 difficultates
1493 414 1592 454 belli

201 473 390 526 procellis
417 472 569 513 sedatis
595 473 647 512 ad
671 485 764 512 eam
789 473 978 524 pervenit
1003 473 1129 513 editio
1154 476 1315 525 partem
1342 488 1366 513 a
1391 487 1474 526 qua
1493 476 1591 515 olim

202 533 245 574 id
276 536 340 575 est
370 535 465 573 ante
499 534 594 585 plus
621 533 925 585 quinquaginta
963 547 1090 574 annos
1122 534 1331 574 exordium
1363 535 1592 576 studiorum

204 594 714 646 Libanianorum.sumpsi‚
734 595 942 646 epistulas.
969 595 1107 646 Atque
1126 595 1272 635 harum
1297 598 1458 647 partem
1483 597 1592 648 prio-

203 669 290 697 rem
315 655 425 707 quod
456 654 595 707 prodit
625 655 816 696 volumen
841 656 878 695 X
904 656 1205 708 complectitur,
1238 657 1346 707 quod
1378 657 1453 697 sub
1478 658 1593 709 prelo

204 719 267 757 est
304 717 363 757 XI
396 716 580 756 alteram.
620 715 936 770 Prolegomena,
969 730 1073 768 quae
1105 718 1193 756 fata
1225 730 1363 757 earum
1397 720 1594 759 enarrant

204 778 507 831 imaginemque
533 777 624 817 viae
651 790 734 828 qua
758 791 832 828 per
850 777 975 817 libros
994 778 1087 829 plus
1106 780 1308 818 trecentos
1329 778 1382 818 ad
1400 792 1473 819 nos
1499 793 1593 831 per-

206 840 405 879 venerunt
428 839 674 890 proponunt,
695 837 744 878 de
763 838 1009 878 testimoniis
1028 838 1277 891 reliquisque
1298 840 1594 880 emendationis

205 899 396 940 subsidiis
416 901 635 950 exponunt,
661 899 852 938 volumen
871 899 929 939 IX
955 899 1144 939 efficient.
1177 899 1359 946 Quorum
1386 900 1594 954 chirogra-

205 960 332 1012 phum
358 973 448 1000 cnm
476 959 778 1000 characteribus
804 960 1040 1011 epistolicis,
1065 960 1101 1001 si
1126 961 1278 1012 excipis
1305 974 1494 1002 numeros
1520 975 1591 1013 pa·

206 1023 395 1075 ginarum
421 1020 675 1061 voluminum
701 1021 737 1060 X
764 1022 806 1060 et
830 1021 889 1060 XI
920 1023 1065 1073 postea.
1083 1022 1331 1073 inserendos,
1350 1025 1413 1063 est
1433 1022 1593 1063 absolu-

205 1086 294 1123 tum
327 1095 455 1133 aeque
488 1083 613 1133 atque
645 1084 871 1121 ceterarum
902 1082 1169 1134 reliquiarum
1201 1081 1522 1123 Libanianarum
1554 1085 1598 1123 et

205 1142 668 1184 Pseudolibanianarum
683 1144 726 1182 et
749 1155 918 1195 operum
939 1141 1116 1183 Choricii
1130 1142 1280 1183 Gazaei
1297 1144 1363 1184 cui
1381 1145 1596 1196 complura

205 1203 425 1245 tribuenda
439 1204 536 1243 sunt
554 1216 659 1254 quae
670 1203 878 1254 hucusque
892 1203 1056 1243 Libanii
1069 1204 1316 1245 ferebantur.
1343 1206 1482 1245 Etiam
1498 1206 1594 1246 Pro·

206 1265 419 1319 legomena
450 1263 536 1304 sine
569 1277 685 1304 mora
715 1264 930 1315 proditura
962 1277 1047 1305 esse
1073 1278 1210 1317 spero,
1237 1266 1307 1305 sed
1333 1269 1595 1319 conspectum

207 1327 249 1366 et
274 1324 587 1377 explicationem
613 1324 809 1378 siglorum
835 1325 878 1364 in
898 1325 1104 1366 codicibus
1123 1326 1372 1367 editionibus
1393 1340 1594 1368 commen-

205 1387 324 1427 tariis
357 1385 636 1439 significandis
663 1386 940 1426 adhibitorum
966 1400 1047 1426 non
1073 1387 1124 1427 iis
1149 1400 1377 1438 reservare,
1402 1388 1472 1429 sed
1498 1388 1596 1428 huic

208 1449 289 1500 ipsi
314 1447 422 1499 quod
447 1459 555 1486 nunc
572 1446 711 1499 prodit
729 1448 930 1487 volumini
953 1449 1215 1499 praemittere
1241 1449 1512 1489 necessarium
1538 1451 1596 1488 vi-

210 1522 300 1549 sum
338 1510 410 1548 est.
450 1507 500 1547 In
534 1520 614 1560 quo
648 1510 867 1560 conspectu
903 1508 1062 1548 numeri
1101 1509 1272 1562 singulis
1310 1509 1519 1550 codicibus
1551 1511 1595 1549 in

209 1570 287 1610 fine
314 1568 493 1621 appositi
518 1568 641 1609 iidem
674 1571 770 1609 sunt
795 1581 895 1621 quos
920 1570 963 1610 in
990 1569 1291 1622 Prolegomenis
1317 1573 1475 1623 gerunt.
1511 1570 1550 1609 N
1553 1585 1594 1610 u-

209 1631 311 1670 meri
337 1629 410 1670 sub
439 1629 588 1680 quibus
614 1630 814 1681 epistulae
834 1631 1017 1670 citantur
1036 1643 1117 1671 non
1138 1631 1364 1672 Wolfianae
1385 1631 1455 1671 sed
1477 1631 1598 1671 huius

209 1692 336 1744 ipsius
362 1691 553 1730 editionis
580 1692 693 1742 sunt,
718 1692 881 1730 numeri
909 1693 1048 1731 autem
1074 1691 1267 1732 editionis
1293 1692 1522 1733 Wolfianae
1552 1694 1595 1732 in

210 1753 393 1805 margine
419 1751 678 1804 singularum
703 1751 972 1804 epistularum
993 1754 1171 1804 appositi
1191 1755 1296 1793 sunt.
1325 1752 1502 1794 Collatio
1522 1766 1597 1792 nu·

212 1825 414 1853 merorum
433 1813 649 1863 utriusque
671 1812 862 1853 editionis
887 1812 930 1852 in
956 1812 1035 1852 fine
1060 1813 1280 1854 voluminis
1298 1813 1358 1854 XI
1382 1814 1559 1854 dabitur.

272 1873 361 1913 Iam
386 1872 491 1913 nihil
515 1876 645 1913 restat
663 1875 745 1913 nisi
768 1876 816 1914 ut
833 1873 1085 1914 Theodoro
1106 1874 1362 1915 Thalheim
1387 1878 1430 1915 et
1448 1875 1596 1915 Eber-

213 1934 364 1975 hardo
391 1933 676 1988 Richtsteig
702 1935 775 1986 qui
792 1935 836 1974 in
855 1934 1034 1987 plagulis
1054 1935 1301 1988 corrigendis
1321 1936 1458 1976 studio
1484 1935 1596 1975 inde-

212 1996 318 2037 fesso
342 2008 408 2035 me
434 1994 676 2035 adiuverunt
701 1997 836 2048 grates
861 1995 1037 2036 sinceras
1063 2008 1195 2049 agam.

276 2091 434 2132 Dabam
461 2091 737 2133 Vratislaviae
763 2092 828 2132 die
854 2091 971 2133 XXII
989 2093 1139 2135 mensis
1157 2093 1255 2133 Iulii
1274 2094 1373 2134 anni
1391 2092 1584 2134 MOMXX

1017 2185 1268 2232 Richardus
1294 2186 1517 2232 Foerster.
