1806 2964
621 237 758 275 EPIST
766 237 891 274 [ΗΔΕ
917 239 1109 273 διε-579
1472 235 1562 277 545

188 353 298 413 αὐτῷ
319 353 387 395 καὶ
411 352 602 409 γενέσθαι
625 358 804 399 τοιοῦτος
829 349 1087 403 ἐπεθύμησεν
1105 347 1168 389 ἄν.
1203 352 1240 389 9.
1261 348 1311 388 σὺ
1332 346 1374 388 δὲ
1394 347 1562 401 χαλεπός

189 436 249 470 τις
273 417 312 462 εἶ
333 419 399 461 καὶ
430 419 525 468 τοὺς
554 417 831 466 καθεύδοντας
861 415 929 457 καὶ
959 414 1054 464 τοὺς
1084 414 1348 469 ἐγρηγορότας
1378 413 1563 462 κακίζων.

190 488 319 529 καίτοι
344 486 381 528 εἰ
406 484 480 539 μὲν
503 485 718 539 Δάρδανος
743 482 872 536 ἠδίκει
895 481 1159 535 κοιμώμενος,
1185 479 1206 521 ὁ
1233 479 1288 533 μὴ
1313 479 1563 532 κοιμώμενος

190 552 266 603 ἔξω
291 550 488 606 μέμψεως·
515 550 552 592 εί
575 548 618 591 δὲ
643 549 718 603 τὴν
742 547 970 603 ἀγρυπνίαν
1001 547 1145 588 τούτου
1176 545 1325 600 ψέγεις,
1350 546 1390 586 τί
1411 544 1467 599 μὴ
1492 545 1563 586 τὸν

189 619 323 660 ὕπνον
347 617 523 667 ἐπαινεῖς
547 615 724 666 ἐκείνους
749 609 835 655 ἀλλ’
864 609 948 655 οὔτ’
978 612 1128 661 ἐκεῖνος
1159 611 1289 665 ἠδίκει
1314 611 1563 664 κοιμώμενος
1599 624 1617 650 5

192 680 286 738 μεθ’
309 682 463 738 ἡμέραν
487 681 568 723 ἀπὸ
592 688 671 723 τῶν
697 681 741 723 ἐν
772 679 888 721 νυκτὶ
919 678 1227 735 φροντισμάτων
1252 673 1371 725 οὗτός
1401 692 1441 717 τε
1465 692 1562 731 κρα-

190 757 270 792 τῶν
301 749 434 791 ὕπνου
467 748 698 800 στεφάνων,
733 746 808 788 οὐκ
839 746 968 795 αἰτίας
1001 743 1121 794 ἄξιος.
1173 747 1240 785 10.
1267 743 1364 800 ὁρᾷς
1402 741 1455 792 ὡς
1487 742 1563 784 οὐκ

188 814 256 870 ἐμὲ
287 815 331 857 τὸ
362 818 568 868 πλουτεῖν,
600 814 696 856 ἔστω
727 813 824 869 γάρ,
856 810 1039 865 ἀπέφηνε
1070 811 1202 865 χείρω,
1235 810 1286 851 σὺ
1317 805 1358 850 δ’
1381 808 1461 850 ὑπὸ
1491 814 1564 861 τῆς

187 882 371 932 ἐξουσίας
395 880 582 937 ἐπήρθης
607 882 889 933 συκοφαντεῖν.
929 883 1114 932 παραινῶ
1146 877 1197 930 δή
1230 889 1294 917 σοι
1318 876 1463 917 τούτου
1490 873 1563 928 μὲν

188 947 434 1002 ἀποστῆναι,
459 953 531 988 τοῦ
558 943 597 987 δ’
619 945 796 1001 ἀκριβῶς
825 943 1117 998 ἐπιμελεῖσθαι,
1143 949 1214 996 τῆς
1239 941 1364 997 ἀρχῆς
1388 940 1560 995 ἔχεσθαι.
1583 954 1617 980 ιο

193 1019 260 1056 11.
286 1014 414 1055 καίτοι
445 1011 549 1062 τινὲς
579 1011 849 1067 κατηγοροῦσί
877 1021 952 1051 σου
983 1009 1058 1062 τὴν
1092 1015 1164 1050 τοῦ
1193 1010 1386 1056 Φοίνικος
1409 1022 1561 1064 τραγῳ-

189 1081 355 1130 δοῦντες
378 1086 527 1133 πρᾶσιν
551 1077 619 1120 καὶ
651 1077 738 1119 ὅσοι
771 1075 862 1132 περὶ
892 1075 963 1125 τὰς
993 1076 1108 1124 δίκας
1139 1076 1316 1129 οἴχονται
1346 1074 1562 1128 φεύγοντες

189 1146 269 1188 ὑπὸ
303 1152 383 1188 τῶν
421 1144 686 1200 ὑβρισμάτων.
738 1139 823 1184 ἀλλ’
855 1142 930 1198 ἐγὼ
969 1142 1064 1191 τοὺς
1101 1139 1174 1195 μὲν
1211 1139 1331 1182 οὐδὲν
1375 1138 1562 1194 λέγοντας

188 1213 385 1263 δεικνύω,
419 1218 494 1253 σοῦ
535 1209 596 1261 δέ,
631 1209 683 1264 ἣν
711 1210 765 1264 μὴ
797 1209 934 1267 παύσῃ
970 1213 1135 1249 τοιαῦτα
1172 1213 1324 1258 ποιῶν,
1350 1210 1561 1258 φανοῦμαι

187 1278 420 1334 κατήγορος.
721 1333 723 1335 v
1583 1284 1616 1312 15

813 1358 927 1413 φοθ’.
1457 1362 1506 1397 W
1531 1362 1634 1398 4941,

697 1441 904 1501 Ἑορτίῳ.
937 1448 1045 1491 (357)

252 1535 290 1572 1.
307 1528 395 1572 ’Έτι
419 1543 481 1572 σοι
507 1530 716 1585 γράφομεν
746 1528 910 1582 ἀπόντι,
935 1535 1037 1584 χρῆν
1069 1527 1112 1569 δέ
1143 1539 1184 1568 σε
1216 1523 1318 1568 εἶναι
1343 1522 1438 1580 παρ’
1461 1524 1560 1579 ἡμῖν

188 1597 257 1639 καὶ
282 1598 336 1651 μὴ
362 1601 448 1647 ταῖς
473 1596 694 1645 ἐπιστολαῖς
720 1594 819 1651 ὁρᾶν
845 1595 971 1648 μόνον
1002 1600 1076 1636 τοῦ
1105 1593 1251 1643 παιδὸς
1284 1593 1378 1642 τοὺς
1403 1593 1560 1647 λόγους,

189 1663 290 1705 ἀλλὰ
314 1670 437 1705 πᾶσιν
461 1663 606 1704 εἴδεσιν
632 1661 760 1704 ὁπόσα
791 1661 932 1716 λόγων.
972 1664 1010 1702 2.
1036 1663 1193 1702 πολλῶν
1220 1656 1258 1700 δ’
1280 1659 1332 1700 ἂν
1362 1658 1561 1714 ἐπριάμην
1581 1671 1616 1697 so

189 1729 339 1771 εἰδέναι
373 1742 414 1770 σε
449 1729 519 1771 τὸν
553 1724 647 1783 παρ’
680 1726 786 1782 ἡμᾶς
819 1728 970 1781 ἥκοντα
1010 1728 1236 1781 Θεμίστιον·
1271 1727 1372 1767 οὕτω
1403 1725 1479 1780 γὰρ
1509 1724 1561 1766 ἂν

191 1795 428 1848 ἐθαύμασας
452 1794 520 1848 ἐμέ
544 1810 583 1837 τε
607 1794 678 1836 τὸν
703 1794 976 1849 μεταβαλόντα
1000 1792 1187 1835 κάκεῖνον
1214 1792 1284 1834 τὸν
1309 1792 1560 1845 μεταστάντα.

263 1903 308 1936 1⁶
336 1901 386 1937 V!
407 1899 452 1945 γ’,
480 1900 570 1946 σξη’.
604 1900 661 1937 Va
686 1898 733 1943 ς’,
752 1898 822 1935 κε’.
858 1900 911 1936 Vo
937 1897 983 1943 ς’,
1009 1897 1068 1934 κε’

264 2000 304 2032 17
334 1996 453 2032 Seeck
481 2000 560 2032 171.
587 1999 656 2031 336
719 2000 763 2032 21
791 1994 911 2031 Seeck
936 1998 1006 2031 296

273 2102 302 2142 1,
325 2097 562 2144 ἐπεθύμησεν
576 2096 755 2144 reposuie
771 2098 865 2134 VVa
874 2097 963 2134 Vos
975 2098 1022 2134 Vi
1029 2107 1065 2133 11
1078 2096 1178 2133 Vind
1202 2095 1481 2142 ἐπιθυμήσαιεν
1490 2096 1564 2132 Vi!

190 2145 299 2183 Wolf
350 2149 371 2181 3
398 2146 475 2182 ὸ-
490 2149 512 2182 6
537 2146 768 2192 κοιμώμενος
793 2156 855 2181 om
876 2146 947 2182 Vi!
994 2149 1015 2180 6
1041 2144 1101 2181 lac
1127 2148 1149 2180 4
1174 2144 1240 2180 litt
1264 2147 1353 2180 ante
1377 2141 1469 2190 μεθ’
1499 2144 1556 2187 Vl

189 2193 411 2242 μιθημέραν
436 2193 538 2231 Vina
615 2197 636 2230 9
663 2192 708 2230 δέ
733 2195 823 2230 Vin
902 2197 946 2229 10
981 2192 1022 2230 δὲ
1056 2193 1145 2229 Vin
1217 2197 1258 2228 11
1286 2197 1561 2239 κατηγοροῦσιν

198 2244 254 2279 Va
297 2244 304 2290 Ι
349 2244 634 2290 τραγῳδοῦντος
659 2243 694 2279 V
721 2241 789 2278 sed
821 2254 863 2282 ος
893 2241 933 2277 iu
959 2254 998 2283 ες
1026 2252 1109 2277 corr
1135 2240 1201 2284 ω’,
1236 2241 1462 2277 VaVoVind
1492 2240 1560 2276 sed

191 2315 232 2351 in
261 2314 334 2351 hoe
359 2315 439 2361 ⁰(2)
470 2312 510 2349 in
536 2327 553 2350 ε
579 2324 661 2350 corr
679 2313 737 2350 ιιι*
780 2301 1061 2359 τραγωδοῦντεος
1086 2313 1115 2349 S
1235 2316 1280 2348 12
1306 2311 1444 2357 πράων
1471 2313 1523 2349 Γο
1551 2313 1556 2358 Ι

190 2363 277 2408 περὶ
295 2361 437 2398 inserui
469 2361 566 2399 eVS
578 2363 667 2399 Vin
707 2373 768 2398 om
795 2363 852 2399 Va
861 2363 912 2398 Vo
921 2361 1106 2399 VizVind
1124 2360 1233 2397 Wolf
1250 2363 1256 2407 Ι
1277 2360 1361 2408 τὰς]
1387 2359 1423 2396 τί
1449 2361 1505 2396 Va
1523 2374 1559 2396 τι

201 2413 252 2448 Vo
273 2413 279 2458 1
301 2409 427 2452 δίκαις
441 2411 493 2447 Vo
545 2413 590 2446 14
615 2408 653 2447 δ’
678 2410 808 2457 Wolf!
828 2408 878 2456 ἢν
895 2408 1048 2456 reposui
1068 2420 1089 2445 e
1116 2409 1307 2446 VVaVoS
1324 2409 1412 2445 Vin
1435 2408 1469 2444 εἰ
1490 2409 1561 2445 1'2‘1

200 2459 301 2544 find
326 2457 432 2495 Wolf
462 2460 467 2504 Ι
500 2459 741 2543 ταῦταγῑζῐῖα
750 2458 838 2496 Vos
862 2458 928 2494 sed
954 2457 994 2493 in
1019 2457 1091 2494 hoc
1116 2471 1161 2504 γρ
1186 2463 1344 2494 τοιαῦτα
1370 2467 1557 2502 suprascr,

221 2509 290 2544 'ill
355 2510 398 2542 21
426 2517 467 2542 σε
492 2506 596 2542 inser
