1806 2964
278 220 364 263 744
860 221 1043 256 LIBANH

204 339 253 377 W
280 344 347 376 735
904 328 1009 385 oeny'.

772 416 982 472 Πρόκλῳ.
1034 425 1141 469 (363)

340 503 375 540 1.
390 498 557 552 ’Ήσθην
581 498 648 540 καὶ
672 503 726 556 τῷ
748 499 999 555 γραμματείῳ
1024 497 1090 539 καὶ
1115 503 1197 548 τοῖς
1222 499 1545 554 ἐγγεγραμμένοις
1567 502 1632 542 καὶ

275 565 331 615 ὣς
365 561 434 606 ὑπ’
472 564 649 619 ἀνάγκης
683 563 906 617 ἁρπασθεὶς
939 563 1004 605 ἐπὶ
1039 564 1108 606 τὸν
1144 565 1327 619 δεύτερον
1361 561 1483 619 ἦλθες
1506 570 1634 608 πλοῦν

241 644 256 671 5
276 630 346 672 τὸν
371 626 425 671 δι’
455 631 672 684 ἐπιστολῆς.
716 632 753 670 2.
775 626 1065 683 Ἀριστοφάνης
1093 628 1137 670 δέ
1161 642 1203 670 σε
1228 628 1418 683 ἠδίκηκεν
1443 630 1577 684 οὐδέν,
1601 633 1637 673 εἰ

274 696 438 749 γνώμης
463 695 543 737 ἐστὶ
561 695 604 737 τὸ
630 695 801 736 ἀδικεῖν·
826 690 912 735 ἀλλ’
942 693 963 735 ὁ
988 692 1059 746 μὲν
1085 692 1213 749 ἔλεγεν
1237 694 1264 736 ἃ
1282 690 1335 749 ἦν
1353 695 1636 750 ὑπεσχημένος,

275 761 350 816 ἐγὼ
375 760 418 803 δὲ
443 759 567 803 αὑτὸν
598 760 814 814 ἐβιαζόμην
844 759 962 808 εἰδὼς
989 759 1048 800 ὅτι
1073 759 1135 800 σοὶ
1161 759 1233 813 μὲν
1257 756 1343 802 ἀντ’
1365 761 1520 803 ἐκείνου
1543 765 1631 803 Δω-

277 828 374 881 ρίων
399 827 507 869 ἔσται
530 826 556 880 ἤ
582 842 641 875 τις
667 826 795 880 ἕτερος
816 848 860 854 -
881 823 902 866 ὃ
929 824 981 876 δὴ
1007 823 1141 879 γέγονε
1167 847 1227 874 -.,
1253 830 1305 882 τῷ
1331 826 1405 883 νέῳ
1431 826 1489 880 δέ,
1513 825 1561 868 ὃν
1580 829 1636 877 εἰς

269 891 468 947 Ἄγκυραν
492 885 718 946 ἐβουλόμην
748 891 896 943 ἐλθεῖν,
922 892 993 944 μία
1019 887 1095 931 ἐστ’
1125 891 1234 940 ἐλπὶς
1255 888 1546 946 Ἀριστοφάνης
1569 893 1636 934 καὶ

225 974 258 999 ιο
276 959 318 1000 τὸ
340 955 655 1012 Ἀριστοφάνους
680 963 820 1011 σχῆμα.
857 959 894 998 3.
922 957 958 997 εἰ
975 955 1047 1008 μὲν
1067 951 1141 997 οὖν
1160 956 1257 1010 ἐμοῦ
1275 963 1518 1012 κατηγορεῖς,
1537 957 1635 1000 ἕτοι-

276 1039 350 1076 μος
383 1023 405 1064 ὅ
429 1040 467 1064 τι
498 1022 549 1063 ἂν
579 1023 743 1079 κελεύῃς
772 1026 941 1063 παθεῖν·
973 1021 1127 1063 ἐκεῖνον
1159 1021 1201 1063 δὲ
1227 1023 1458 1075 αἰτιώμενος
1483 1023 1555 1077 ὅρα
1579 1023 1635 1078 μὴ

276 1090 397 1146 δόξῃς
421 1089 695 1143 ἀσυγγνώμων
719 1084 822 1129 εἶναι
852 1087 919 1128 καὶ
950 1093 1072 1128 ταῦτα
1087 1085 1239 1140 ’Ἕλλην
1266 1103 1304 1129 τε
1329 1086 1386 1129 ὢν
1410 1088 1478 1130 καὶ
1497 1087 1634 1145 Ἑλλήῇ

275 1171 360 1196 νων
385 1155 516 1207 ὅτιπερ
542 1154 771 1206 κεφάλαιον.

205 1258 252 1293 W
279 1261 346 1293 ‘136
903 1244 1009 1288 mno'.

225 1349 255 1375 ιο
740 1331 1011 1387 Δημητρίῳ·
1063 1342 1169 1387 (363)

339 1421 374 1457 1.
395 1413 438 1459 Ὁ
464 1416 535 1471 μὲν
561 1416 744 1471 βασιλεὺς
775 1422 845 1457 τοῦ
876 1415 1066 1468 βασιλέως
1099 1417 1148 1458 οὐ
1179 1417 1330 1472 χείρων,
1362 1418 1491 1470 φαίην
1516 1413 1556 1458 δ’
1584 1416 1635 1458 ἂν

276 1485 334 1525 ὅτι
364 1483 431 1525 καὶ
461 1485 637 1538 βελτίων,
670 1485 710 1525 εἴ
734 1500 792 1534 τις
823 1484 897 1537 τὴν
929 1483 1028 1537 ὅλην
1062 1481 1205 1536 ἀρετὴν
1229 1483 1306 1537 πρὸ
1330 1488 1402 1536 τῆς
1427 1481 1633 1537 ἀλογίστου

276 1550 419 1603 τόλμης
452 1548 558 1604 ἄγοι·
597 1549 666 1591 τὸν
704 1551 933 1604 σύμβουλον
970 1548 1013 1590 δὲ
1037 1553 1091 1605 τῷ
1123 1549 1335 1605 συμβούλῳ
1371 1549 1634 1603 παραβάλλων

275 1616 348 1669 ὅρα
373 1615 427 1668 μὴ
454 1615 574 1671 δόξῃς
598 1614 772 1670 ἀγνοεῖν,
798 1616 892 1656 ὅσον
918 1613 1015 1655 ὄνου
1035 1613 1100 1655 καὶ
1120 1614 1244 1655 ἵππου
1264 1613 1306 1655 τὸ
1325 1612 1456 1667 μέσον.
1495 1617 1533 1655 2.
1557 1613 1633 1668 ἐγὼ

223 1696 256 1720 ευ
276 1680 317 1721 δὲ
353 1685 468 1733 λιμοῦ
503 1679 575 1733 μὲν
609 1681 682 1733 τὴν
718 1681 834 1722 πόλιν
869 1680 1055 1721 ἱκετεύων
1079 1679 1295 1732 ἐξειλόμην,
1326 1676 1349 1720 ὃ
1373 1678 1440 1720 καὶ
1464 1679 1634 1732 μηδενὸς

275 1747 516 1794 ἴκετεύοντος
541 1746 635 1795 ἴσως
661 1745 711 1787 ἂν
736 1746 911 1800 ὑπῆρξεν
929 1746 1008 1787 ἀπὸ
1028 1752 1097 1798 τῆς
1123 1744 1274 1786 ἐκείνου
1299 1745 1476 1798 γνώμης·
1503 1749 1634 1785 πεῖσαι

349 1889 366 1920 1
403 1885 469 1922 Vn
490 1884 536 1933 β’,
563 1884 653 1921 σιθ’.
689 1886 744 1922 Va
768 1884 809 1931 ζ’,
836 1885 893 1922 σι’.
929 1886 981 1921 Vo
1008 1883 1077 1931 (ζ),
1103 1883 1162 1920 σι’.
1190 1885 1259 1921 Μο
1328 1888 1371 1919 14
1403 1883 1471 1919 V11
1493 1882 1539 1930 β’,
1566 1882 1631 1918 σι’.

282 1933 338 1970 Va
363 1932 405 1978 ζ’,
430 1933 516 1969 σια’.
550 1934 603 1970 Vo
628 1933 697 1979 (ζ),
724 1933 808 1968 σια’.
836 1934 912 1970 Atra

348 2068 368 2099 2
396 2063 540 2100 Sievers
560 2067 606 2100 96
632 2067 705 2100 not.
728 2067 783 2100 6⁶3.
811 2063 928 2100 Seeck
953 2067 1035 2099 248.
1057 2066 1126 2099 398
1219 2067 1241 2098 4
1267 2062 1468 2098 Salzmann
1493 2065 1538 2097 55

276 2116 297 2147 5
324 2111 442 2147 Seeck
467 2115 513 2147 90
600 2115 682 2158 ⁷sq.
710 2112 756 2148 ef.
775 2114 803 2147 t.
824 2113 857 2148 11
879 2115 959 2156 100,
980 2113 1026 2147 18
1120 2115 1164 2147 12
1191 2110 1236 2146 cf.
1257 2110 1306 2146 ad
1325 2111 1351 2146 t.
1373 2109 1407 2145 V
1425 2113 1508 2154 498,
1528 2113 1573 2144 22

278 2163 321 2194 13
341 2159 386 2195 cf.
405 2159 454 2195 ad
480 2170 538 2205 ep.
561 2163 629 2195 190
653 2171 690 2205 p.
713 2163 792 2203 174,
809 2163 852 2195 18
904 2164 947 2195 15
968 2158 1115 2195 Sievers
1131 2162 1199 2194 102
1219 2160 1295 2194 not.
1320 2160 1400 2193 105.
1421 2156 1538 2194 Seeck
1553 2159 1631 2192 119.

277 2210 346 2243 398
402 2210 446 2242 18
466 2206 561 2243 Plat.
582 2206 736 2243 Theaet.
755 2219 791 2253 p.
816 2211 882 2242 172
899 2209 929 2242 A
993 2209 1037 2242 19
1065 2205 1263 2242 Salzmann
1292 2209 1335 2240 76

349 2341 370 2373 3
395 2336 612 2385 γραμματίῳ
639 2339 707 2374 Mo
733 2338 779 2373 cf.
798 2340 825 2374 t.
848 2338 895 2373 111
917 2341 998 2381 173,
1016 2340 1057 2372 17
1121 2339 1142 2372 8
1169 2334 1193 2382 ἦ
1218 2334 1275 2378 τίς
1303 2336 1392 2372 VVo
1453 2339 1475 2370 9
1493 2333 1535 2380 μί
1555 2333 1631 2381 Va}

276 2385 355 2420 ἐστ’
372 2385 412 2420 in
440 2385 537 2421 ἔστιν
562 2397 645 2421 con·
677 2385 747 2421 Vo⁶
783 2396 843 2421 om
871 2386 927 2422 Va
1002 2387 1046 2420 10
1073 2383 1332 2429 ἀριστοφάνου
1359 2383 1428 2420 Mo
1472 2383 1478 2426 Ι
1523 2393 1634 2427 κατη-

276 2438 399 2478 γορεῖς
422 2432 553 2477 scripsi
586 2444 670 2468 cum
702 2433 756 2468 Re
799 2432 1020 2480 κατηγόρεις
1049 2431 1138 2467 libri
1182 2436 1404 2477 καταγορεῖς
1435 2428 1541 2466 Wolf
1568 2428 1633 2465 aed

277 2485 486 2527 κατηγορῇς
511 2480 594 2516 coni
670 2483 714 2515 16
738 2487 805 2516 τοῦ
833 2479 957 2528 <σοῦ>
982 2479 1068 2515 coni
1087 2479 1143 2514 Re
