1806 2964
604 210 875 248 EPISTULAE
900 214 1093 248 421-425
1445 209 1534 253 413

155 323 230 366 λόν
253 340 342 366 τινα
373 330 516 366 τοῦτον
548 324 728 379 δρασμὸν
753 327 926 381 μελετᾷς.
964 324 1002 365 εἰ
1024 323 1100 379 γὰρ
1125 323 1193 365 καὶ
1219 328 1321 379 χρῆν
1344 322 1536 377 γενέσθαι

154 388 376 445 δραπέτην,
400 388 482 443 ἤδη
509 388 677 445 γέγονας
702 389 782 432 ἀπὸ
808 397 879 444 τῆς
898 386 1054 444 Ῥώμης
1080 390 1358 445 δραπετεύσας.

797 544 898 587 υκὸ.
1437 553 1488 588 W
1516 558 1609 589 1194

667 633 866 689 Βακχίῳ.
917 642 1024 685 (355)

223 719 261 756 1.
298 715 364 757 Σὺ
388 721 469 757 τῶν
494 714 601 769 ἐμῶν
626 715 764 770 κύριος
795 714 975 770 βραδέως
999 731 1039 756 τε
1071 714 1299 757 ἀποδοῦναι
1323 715 1392 757 καὶ
1415 730 1535 756 κατα·
1574 730 1590 756 5

157 785 281 836 σχεῖν,
305 781 345 823 εἰ
372 781 549 835 βούλοιο.
593 779 615 823 ὃ
641 779 684 823 δὲ
710 781 779 823 καὶ
803 782 905 837 πρὸς
928 782 1110 836 παρόντα
1133 781 1255 835 ἔφην,
1279 783 1439 824 οἴεσθαι
1464 781 1537 834 μέν

159 859 203 889 σε
233 847 376 896 κάλλος
406 847 556 889 ἐνεῖναι
579 851 663 898 τοῖς
694 847 805 901 ἐμοῖς
824 848 1008 890 πιστεύω·
1035 847 1197 890 δέδοικα
1230 847 1367 901 μέντοι
1390 848 1446 901 μή
1472 860 1537 889 σοι

159 919 276 968 τοῦτρ
301 913 377 967 τὴν
401 914 516 968 χείρω
541 914 665 963 δόξαν
691 914 844 971 ἐνέγκῃ.
881 913 958 969 ἐγὼ
992 912 1066 967 μὲν
1090 914 1165 969 γὰρ
1191 913 1313 956 οὐδὲν
1338 914 1467 969 ἱερόν,
1498 915 1541 955 οἷ

160 978 207 1021 δὲ
239 979 414 1034 πίθηκοι
446 981 729 1033 πιθηκίζοντες
761 981 809 1021 τὰ
849 980 983 1022 αὑτῶν
1017 986 1190 1021 ποιοῦσι.
1243 983 1281 1021 2.
1308 980 1362 1033 μὴ
1398 982 1537 1022 τοίνυν

157 1045 309 1095 αὐτοὺς
333 1046 598 1099 μεμφώμεθα.
1559 1062 1592 1087 ιο

800 1152 894 1196 vne'.
1440 1162 1488 1197 w
1518 1166 1608 1198 1191

628 1236 908 1296 Ἀσκληπιῷ.
959 1250 1068 1293 (355)

226 1326 263 1362 1.
291 1318 567 1377 Ἐφρόντιζον,
591 1323 727 1378 ἐπειδὴ
747 1323 914 1366 ἐνθένδε
932 1323 1104 1380 ἀπῆρας,
1129 1325 1238 1375 ὅπως
1256 1323 1355 1378 ἡμῖν
1374 1323 1536 1379 περιέσῃ

159 1395 242 1429 τῶν
254 1390 511 1444 πραγμάτων,
525 1390 574 1432 οὐ
595 1397 669 1431 σοῦ
688 1405 777 1431 τινα
791 1389 1009 1432 ἀσθένειαν
1020 1393 1256 1446 καταγνούς,
1270 1387 1354 1432 ἀλλ’
1371 1390 1538 1439 ἐκείνοις

158 1454 314 1509 ἐνορῶν
326 1457 568 1510 μοχθηρίαν.
593 1455 764 1510 ἀτεχνῶς
775 1456 851 1511 γὰρ
869 1457 927 1505 εἰς
945 1464 1120 1511 χειμῶνα
1132 1458 1175 1499 τὸ
1194 1458 1351 1510 σκάφος
1364 1456 1537 1510 ἀφῆκας.
1558 1469 1593 1496 ιε

158 1519 260 1562 ἀλλά
279 1537 340 1563 τοι
358 1522 475 1564 τοῦτό
495 1534 538 1563 σε
557 1521 655 1563 αὐτὸ
669 1521 737 1564 καὶ
749 1524 909 1565 ποιείτω
923 1522 1095 1580 ἄρχοντα
1108 1523 1267 1579 ἀγαθὸν
1280 1524 1323 1565 τὸ
1337 1524 1454 1577 μείζω
1475 1535 1539 1564 σοι

161 1587 283 1641 λόγον
297 1586 376 1629 ἀπὸ
389 1591 462 1641 τῆς
475 1589 690 1638 δυσκολίας
702 1589 875 1630 ἔσεσθαι.
897 1592 936 1630 2.
950 1588 1018 1630 καὶ
1032 1591 1133 1644 δῆτά
1146 1606 1215 1642 μοι
1228 1591 1360 1639 δοκεῖς
1372 1588 1452 1642 ἤδη
1466 1595 1538 1629 τοῦ

163 1654 350 1708 μεγίστου
369 1654 589 1708 τυγχάνειν.
624 1653 670 1704 ὃς
688 1655 763 1711 γὰρ
789 1654 949 1710 ἄριστός
972 1655 1052 1697 ἔστι
1071 1663 1152 1697 τῶν
1170 1653 1267 1708 παρ’
1289 1655 1400 1708 ὑμῖν,
1421 1650 1539 1703 οὗτός

159 1717 247 1760 ἐστί
260 1731 323 1760 σοι
337 1720 455 1770 φίλος
467 1719 547 1761 ἀπὸ
560 1727 632 1762 τοῦ
644 1722 869 1775 θαυμάζειν
882 1722 939 1772 εἰς
951 1722 995 1763 τὸ
1009 1725 1142 1774 φιλεῖν
1155 1721 1298 1763 ἐλθών.
1314 1721 1539 1773 Εὗτόλμιος

238 1827 259 1859 3
293 1824 344 1860 VI
366 1823 413 1871 γ’,
439 1823 525 1870 (ηδ’.
559 1825 616 1862 Va
641 1825 683 1870 ε’,
709 1824 784 1872 μα’.
811 1827 841 1863 S
863 1826 912 1875 β’,
936 1827 979 1870 ζ.
1013 1827 1060 1863 Vi
1085 1825 1189 1873 [ραΊ.
1216 1827 1257 1863 D
1282 1828 1341 1862 ‘vd'
1419 1830 1461 1861 11
1490 1826 1541 1861 VJ

163 1871 210 1956 yo',
230 1871 305 1955 ,ρξε’
324 1872 484 1920 (=Q‘).
512 1874 568 1909 Va
586 1873 629 1918 ε’,
647 1874 710 1920 μδ’
730 1874 796 1910 sed
823 1873 882 1923 μβ
903 1874 1064 1911 inst-asor
1088 1874 1156 1911 m’.
1182 1874 1212 1911 S
1229 1873 1276 1922 β’,
1296 1873 1336 1910 ε’.
1366 1874 1412 1910 Vi
1436 1874 1538 1921 [ογ’].

235 2021 258 2052 4
284 2016 431 2054 Sievers
453 2021 521 2053 116
546 2019 625 2054 not.
646 2021 704 2054 69.
730 2018 849 2055 Seeck
869 2023 927 2054 93.
949 2023 1016 2055 321
1106 2022 1126 2054 9
1154 2019 1199 2054 of.
1221 2029 1279 2064 ep.
1303 2022 1407 2054 1397.
1434 2018 1540 2054 Salz-

164 2075 280 2100 mann
306 2068 356 2100 80
434 2069 478 2101 12
506 2065 626 2102 Seeck
651 2069 708 2102 91.
735 2070 806 2102 322
888 2070 932 2102 19
959 2066 1079 2103 Seeck
1106 2070 1173 2102 151

240 2166 259 2198 1
285 2167 422 2198 τοῦτον
446 2162 589 2198 inserui
615 2173 636 2198 e
661 2161 769 2198 libris
813 2173 875 2198 om
900 2163 1010 2199 Wolf
1039 2166 1044 2210 1
1079 2163 1145 2199 καὶ
1169 2164 1278 2210 χρῆν]
1302 2164 1415 2210 ἐχρῆν
1441 2163 1470 2199 S

163 2214 188 2246 4
213 2208 376 2258 βακχείω
405 2210 452 2246 Vi
469 2213 519 2259 τῷ
540 2211 642 2260 αὐτῷ
655 2210 683 2257 (i
709 2221 739 2246 ο.
762 2208 927 2260 Βακχίῳ)
948 2211 1085 2249 VaSD
1148 2215 1170 2246 5
1197 2214 1336 2248 δοῦναι
1357 2212 1392 2247 V
1449 2214 1470 2246 6
1497 2211 1539 2247 δὲ

167 2258 267 2295 inser
287 2259 334 2295 Vi
353 2262 360 2304 Ι
384 2259 531 2304 „malim
559 2259 675 2306 ἔφης“
703 2257 813 2294 Wolf
870 2262 892 2294 8
919 2258 1067 2305 ἐνέγκοι
1087 2260 1128 2296 D
1153 2258 1263 2295 Wolf
1279 2262 1286 2305 ι
1308 2257 1378 2305 μὲν
1397 2258 1539 2294 inserui

167 2308 208 2342 ut
231 2306 271 2343 in
297 2318 405 2353 marg
429 2306 531 2343 inser
557 2307 605 2343 V*
649 2318 710 2343 om
739 2306 930 2343 VaSViD
955 2306 1065 2343 Wolf
1133 2311 1155 2343 9
1181 2307 1223 2343 δὲ
1249 2307 1349 2343 inser
1376 2308 1424 2343 V*
1445 2309 1452 2353 Ι
1474 2307 1541 2342 αὖ·

165 2360 242 2391 τῶν
268 2355 316 2391 Vi
390 2358 435 2391 10
459 2353 690 2401 μεμφόμεθα
716 2355 764 2391 Vs·
851 2358 895 2390 15
921 2361 1108 2401 χειμῶνας
1133 2356 1174 2391 D
1198 2355 1308 2392 Wolf
1337 2356 1344 2401 Ι
1387 2355 1542 2401 ἀφῆκας

165 2435 209 2475 τὸ
237 2438 385 2485 σκάφος
411 2440 458 2476 Vi
533 2443 577 2475 16
602 2444 714 2474 τοῦτο
742 2438 902 2474 σεαυτὸν
929 2439 984 2475 Va
1055 2442 1097 2474 17
1124 2437 1196 2485 ἤδη
1225 2450 1287 2474 om
1318 2439 1353 2474 D
1375 2440 1381 2485 ί
1404 2415 1477 2475 τῗν
1497 2439 1543 2474 Vi

229 2490 273 2522 ιε
299 2487 389 2534 ἡμῖν
414 2487 548 2524 ενα)
