1806 2964
279 230 366 273 696
862 226 1044 262 LIBANII

208 349 254 383 W
281 353 349 385 1383
904 335 1009 391 woy'.

744 418 1003 477 Ἐντρεχίῳ.
1054 430 1161 473 (362)

344 512 380 548 1.
410 507 495 548 Οὐκ
520 506 597 561 ἄρα
621 513 667 563 τῇ
693 513 772 547 τῶν
796 504 933 557 νόμων
957 507 1117 560 φυλακῇ
1143 503 1209 544 καὶ
1235 508 1289 559 τῷ
1314 503 1443 543 κάλλει
1461 508 1540 542 τῶν
1563 501 1634 556 ἆρ-

281 580 360 627 χῶν
387 573 512 625 μόνον
544 572 780 620 ἀκολουθεῖς
811 574 863 628 τῷ
893 568 1009 623 γένει,
1039 566 1123 609 ἀλλ’
1158 567 1237 621 ἤδη
1268 567 1335 608 καὶ
1359 567 1432 620 τὴν
1456 567 1544 621 περὶ
1568 566 1634 620 ἐμὲ

246 653 262 678 5
281 646 359 679 τῶν
391 638 549 691 ἀνδρῶν
581 636 738 686 διεδέξω
770 635 966 687 σπουδήν,
998 637 1144 687 μᾶλλον
1176 633 1218 675 δὲ
1248 633 1316 674 καὶ
1345 633 1633 686 παρελήλυθας.

285 708 322 745 2.
348 705 391 744 οἰ
413 703 483 757 μέν
508 719 550 757 γε
576 702 838 754 δικαιώμασιν
864 699 1040 754 ἀρχαίοις
1070 698 1368 752 κατειλημμένοι
1397 698 1463 738 καὶ
1488 709 1634 751 συμπε-

284 764 514 822 φοιτηκότες
550 768 660 821 μόλις
694 766 772 808 ὑπὸ
807 769 962 807 πολλῶν
996 763 1200 806 ἐκινοῦντο
1233 764 1529 818 παρακλήσεων,
1568 763 1637 804 καὶ

281 834 515 888 κινηθέντες
547 832 589 874 δὲ
624 833 843 887 ἐχαρίζοντο
869 830 1004 885 μικρά·
1037 830 1087 871 σὺ
1113 827 1151 870 δ’
1186 829 1319 878 ἔοικας
1345 828 1412 870 καὶ
1436 828 1478 869 τὸ
1503 830 1636 882 προοί-

284 916 377 954 μιον
400 906 471 953 τῆς
496 899 617 954 ἀρχῆς
641 898 706 951 ἐμὲ
731 901 976 950 πεποιῆσθαι
994 896 1177 949 καθάπερ
1203 894 1268 935 διὰ
1295 895 1426 947 πάσης
1444 901 1514 947 τῆς
1538 892 1636 935 ὀδοῦ

234 980 264 1005 ιι)
284 966 429 1007 σαυτὸν
453 971 531 1006 τῶν
556 965 662 1017 ἐμῶν
687 963 998 1016 ἀναμιμνήσκων
1024 961 1219 1016 ῥημάτων.
1259 961 1297 1001 3.
1318 961 1487 1014 μεγάλου
1507 958 1549 1000 δὲ
1569 958 1635 1000 ὅν-

284 1047 349 1080 τος
375 1038 445 1072 τοῦ
472 1030 526 1084 μὴ
551 1033 824 1085 παραμελῆσαι
850 1035 920 1081 τῆς
944 1034 1014 1068 τοῦ
1039 1027 1196 1080 ἑταίρου
1222 1025 1369 1080 μητρὸς
1401 1025 1532 1078 μεῖζόν
1557 1024 1638 1066 ἔστι

282 1097 325 1138 τὸ
358 1095 458 1150 μηδὲ
490 1097 589 1137 ἰδεῖν
621 1094 799 1148 ὀκνῆσαι.
835 1094 978 1135 τούτου
1010 1092 1051 1132 δὲ
1085 1091 1198 1141 ὄντος
1231 1090 1500 1144 λαμπροτέρου
1534 1090 1638 1131 πολὺ

282 1163 443 1204 κάλλιον
469 1161 511 1202 τὸ
537 1164 831 1214 φιλοτιμεῖσθαι
856 1162 908 1216 τῷ
931 1158 1048 1215 ἔργῳ·
1074 1156 1127 1206 ὡς
1144 1155 1225 1210 ἤδη
1245 1155 1347 1205 τινὲς
1366 1155 1499 1204 δόντες
1523 1151 1644 1210 χάριν

287 1228 419 1269 αὐτῶν
445 1227 504 1268 ὅτι
528 1227 670 1267 ἔδοσαν
695 1225 971 1279 κατηγόρησαν
995 1222 1062 1263 καὶ
1087 1221 1277 1275 ἐμίσησαν
1302 1220 1445 1274 ὁμοίως
1476 1220 1568 1269 τούς
1598 1235 1638 1261 τε

233 1304 266 1332 15
285 1294 495 1342 πείσαντας
528 1291 596 1333 καὶ
634 1291 728 1340 τοὺς
763 1288 1058 1342 πεπεισμένους.
1097 1291 1136 1328 4.
1162 1287 1259 1328 ἀλλὰ
1292 1287 1342 1328 σύ
1375 1302 1417 1340 γε
1452 1286 1571 1339 δῆλος
1604 1281 1643 1326 εἷ

284 1359 519 1414 τερπόμενος
545 1353 605 1407 οἷς
629 1357 800 1410 ἔπραξας
824 1355 890 1396 καὶ
914 1353 1008 1396 οὐδὲ
1032 1353 1294 1406 παυσάμενος.
1334 1353 1435 1393 οὕτω
1461 1367 1519 1399 τις
1549 1350 1636 1392 ἐκο-

285 1426 412 1478 μίζετο
439 1423 504 1464 διὰ
530 1429 609 1464 τῶν
633 1421 871 1477 γραμμάτων
896 1427 966 1461 τοῦ
992 1418 1251 1472 πεποιηκότος
1277 1416 1415 1470 ἡδονή.
1454 1423 1538 1466 πῶς
1563 1411 1639 1457 οὖν

285 1490 365 1530 ἔστι
394 1489 487 1538 τοὺς
518 1483 563 1529 εὖ
595 1487 799 1536 παθόντας
830 1484 935 1539 ἡμᾶς
969 1484 994 1539 ἢ
1025 1484 1125 1539 πρὸς
1150 1482 1190 1524 σὲ
1217 1483 1271 1537 μὴ
1296 1483 1464 1537 γράφειν
1488 1480 1515 1534 ἢ
1538 1481 1638 1536 πρὸς

286 1554 430 1604 ἄλλους
453 1554 542 1609 περὶ
567 1560 640 1594 σοῦ
666 1559 794 1607 σιγᾶν,
815 1547 871 1592 ὧν
890 1551 983 1600 τοὺς
1002 1552 1145 1602 φίλους
1162 1547 1288 1601 ἡδέως
1308 1547 1422 1604 ὅρᾷςς
1456 1550 1493 1588 5.
1513 1549 1640 1600 ζητῶν

231 1633 267 1658 zo
286 1620 328 1661 δὲ
353 1620 449 1672 ἐμὰς
474 1618 676 1667 ἐπιστολὰς
701 1617 755 1667 ὡς
773 1617 816 1658 ἐν
835 1617 974 1664 αὐταῖς
993 1615 1155 1670 μνήμην
1173 1613 1378 1655 ἀθάνατον
1398 1613 1495 1662 ἕξων
1521 1612 1641 1667 μικρὰ

360 1739 377 1771 1
412 1736 479 1771 Vn
500 1733 547 1781 β’,
572 1733 667 1780 (ρο’).
704 1734 760 1770 Va
778 1731 817 1776 ξ,
843 1731 910 1776 ρξ’.
949 1731 1001 1767 Vo
1020 1730 1090 1776 (ζ’),
1121 1728 1185 1774 ρξ’.
1222 1728 1373 1765 M0.S1
1395 1727 1442 1770 δ’,
1469 1726 1524 1763 οδ’
1550 1727 1588 1762 et
1607 1737 1643 1762 η

286 1783 333 1827 ς’,
358 1783 428 1818 οα’.
463 1783 508 1818 Vs·
531 1780 656 1829 [ρνδ’].
689 1780 789 1817 Vind
813 1779 865 1822 σε’

358 1883 379 1914 2
407 1877 522 1913 Seeck
549 1880 627 1912 126.
650 1879 718 1911 395
786 1878 807 1910 a
833 1874 879 1911 of.
901 1884 957 1919 ep.
979 1876 1048 1908 902

359 2000 380 2031 2
401 1993 601 2042 Ἐντριχίφ
643 1992 774 2038 scripsi
812 2003 834 2028 ο
871 1992 971 2029 VVa
986 1989 1173 2027 VoMoSI.
1183 2000 1219 2026 11
1232 1989 1280 2025 Vs·
1295 1989 1393 2025 Vina
1423 1986 1585 2035 Μαξίμῳ
1620 1998 1641 2023 e

288 2045 441 2081 Barocc.
456 2046 480 2079 9
498 2043 537 2078 et
557 2041 648 2102 Megi
668 2042 704 2077 B
717 2040 768 2087 (L
778 2040 859 2076 VII
872 2042 936 2084 19)
956 2038 1064 2074 Wolf
1115 2040 1137 2072 ὃ
1157 2035 1268 2080 ἐδέξω
1290 2037 1336 2073 Vi
1356 2037 1363 2083 Ι
1383 2033 1642 2081 παρεληλυθό·

287 2139 417 2180 vacVi
484 2141 504 2172 6
526 2102 660 2183 ,γε-’Ἐξ
729 2139 749 2171 ’1
775 2135 985 2180 μόλις-8
1012 2131 1053 2169 δὲ
1079 2143 1140 2168 om
1166 2131 1266 2168 Vind
1333 2134 1355 2167 8
1380 2129 1423 2167 δὲ
1448 2141 1510 2166 om
1536 2130 1605 2166 Mo
1633 2130 1637 2165 1

288 2184 346 2234 δ’]
372 2187 413 2223 δὲ
439 2186 486 2221 Vi
536 2188 580 2220 10
599 2183 715 2220 αὑτὸν
736 2183 865 2219 VoMo
898 2180 1015 2218 αὐτὸν
1042 2181 1098 2218 Va
1117 2182 1125 2225 Ι
1146 2177 1183 2215 δ’
1214 2180 1248 2215 V
1264 2178 1370 2215 Wolf
1421 2182 1465 2214 12
1485 2177 1533 2223 μὴ
1554 2177 1595 2214 δὲ
1610 2177 1646 2212 V

297 2235 347 2270 Vo
357 2233 509 2270 ViVind
581 2235 624 2267 13
648 2229 706 2279 τὸ]
732 2237 782 2267 τῶ
810 2231 854 2266 Vi
940 2232 985 2264 14
1009 2228 1134 2264 αὐτῶν
1159 2227 1332 2264 VaVoVi
1399 2230 1443 2262 15
1468 2226 1556 2266 τοὺς
1579 2235 1641 2260 om

296 2282 412 2318 VaVo
480 2283 524 2316 16
549 2278 776 2325 τερπόμενος
799 2278 839 2313 in
867 2276 928 2313 lac
953 2279 1070 2312 9-10
1091 2274 1155 2310 litt
1179 2286 1240 2311 om
1261 2274 1316 2310 Va
1350 2271 1493 2321 χαίρων
1517 2272 1558 2308 in
1582 2271 1642 2307 lac

290 2334 335 2366 18
360 2328 426 2364 litt
446 2327 515 2365 Va*
544 2330 550 2373 Ι
593 2327 736 2372 ἔπραξα
754 2326 825 2371 Sl}
854 2323 1015 2369 τοσαύτη
1036 2323 1082 2359 S!
1104 2322 1170 2358 sed
1194 2335 1239 2368 γρ
1265 2321 1360 2358 οὕτω
1387 2331 1570 2380 ευρῐαεοτ,
1599 2319 1643 2355 Vi

288 2423 396 2460 Wolf
425 2425 431 2469 Ι
470 2421 525 2463 τίς
546 2421 720 2459 MoVind
743 2420 800 2463 τὶς
814 2421 860 2457 Vi
935 2422 979 2454 18
1004 2423 1070 2455 τοῦ
1094 2416 1203 2454 Wolf
1272 2419 1316 2452 1⁹
1342 2378 1547 2462 μτζρλιᾍζῗ
1562 2413 1609 2450 SI
1633 2413 1640 2460 1

288 2470 410 2518 ἡδέως
435 2471 470 2507 V
491 2469 555 2505 sed
575 2469 586 2482 '
604 2483 634 2505 ω
659 2479 743 2504 corr
764 2468 822 2503 m⁴
903 2470 949 2503 20
974 2465 1067 2510 ἕξων
1094 2465 1294 2502 ἀθάνατον
1319 2463 1382 2500 SII
1410 2462 1510 2500 Vina
