1806 2964
264 217 357 259 544
860 210 1040 247 LIBANII

267 328 335 369 καὶ
361 327 496 381 φεύγω
522 329 604 374 τοῖς
630 327 772 378 ἔργοις,
796 322 864 364 καὶ
895 320 970 363 οὔκ
995 321 1074 374 εἰμι
1099 319 1171 374 μὲν
1195 320 1327 373 κόλαξ,
1351 318 1560 374 ἀγανακτῶ
1585 318 1628 362 δὲ

268 393 441 442 ἀκούων,
468 391 562 444 ὅπερ
596 389 671 431 οὔκ
702 390 801 442 εἰμι,
825 386 924 428 κατὰ
949 386 1019 428 τὸν
1043 385 1284 438 Λασθένην·
1310 385 1360 426 σὺ
1386 383 1428 426 δὲ
1453 384 1629 426 ἐπαίνων

271 458 342 511 μὲν
367 457 577 509 ἐπιθυμεῖς
602 454 669 496 καὶ
694 458 822 502 καλῶς
846 456 986 504 ποιεῖς,
1012 451 1160 505 μεγάλη
1184 450 1259 505 γὰρ
1277 451 1334 500 εἰς
1353 449 1520 503 ἄσκησιν
1540 449 1628 505 ἀρε-

271 531 340 576 τῆς
365 522 534 576 ἀνάγκη,
559 519 904 572 προσποιούμενος
928 516 971 558 δὲ
989 520 1257 571 καταφρονεῖν
1283 516 1331 557 οὐ
1350 519 1479 564 καλῶς
1502 519 1630 564 ποιεῖς

234 604 253 630 5
274 590 491 638 ἐξαπατῶν.
525 589 564 627 6.
589 583 674 626 ἀλλ’
697 583 790 626 οὐδὲ
815 583 941 625 ἐκεῖνο
966 586 1095 631 καλῶς
1121 583 1219 638 δρᾷς
1246 580 1402 622 ἀπατᾶν
1426 580 1631 636 ἐπιχειρῶν

272 653 319 695 ὃν
345 654 418 695 οὐκ
444 654 541 706 ἔχεις
566 652 751 703 ἁρπάσαι.
790 650 831 690 εἰ
859 648 946 703 γὰρ
978 647 1065 702 ἐγὼ
1100 648 1319 700 Φαῖδρον
1350 646 1528 701 ἀγνοῶ,
1552 646 1631 686 καὶ

271 720 346 772 τὴν
371 718 517 772 μητέρα
542 717 685 771 ἀγνοῶ.
723 712 805 756 εἶτά
830 730 899 767 μοι
929 714 1176 769 παρακελεύῃ
1208 713 1251 754 τὸ
1275 712 1454 754 ἐπαινεῖν
1479 710 1631 764 ἀφέντα

272 786 432 839 ἔχεσθαι
457 790 527 825 τοῦ
553 783 742 837 ἐγκαλεῖν.
784 783 821 821 7.
846 781 883 821 εἰ
907 778 978 832 μὲν
1003 774 1078 820 οὖν
1103 777 1223 819 οὐδὲν
1247 777 1453 819 ἀδικοῦντι
1477 778 1631 826 πείθεις

272 850 463 905 ἐγκαλεῖν,
482 847 600 890 οὐδὲν
619 847 750 900 ἕτερον
774 849 901 894 ποιεῖς
918 843 945 898 ἣ
965 847 1247 896 συκοφαντεῖν·
1274 843 1311 884 εἰ
1334 839 1367 883 δ’
1390 841 1443 892 ὡς
1467 841 1633 895 ἀληθῶς

218 929 255 956 io
274 916 493 966 ἀδικοῦντι,
526 913 672 954 σαυτὸν
703 916 841 953 πεῖσον
873 910 927 964 μὴ
963 909 1114 951 ἀδικεῖν
1148 912 1296 962 μᾶλλον
1325 907 1352 961 ἢ
1384 906 1488 962 ἡμᾶς
1519 906 1632 962 ἐγκα-

273 986 365 1022 λεῖν.
397 981 500 1021 πολὺ
524 979 599 1034 γὰρ
634 977 789 1032 βέλτιον
813 977 1058 1029 καθαρεύειν
1082 975 1264 1027 ὑποψίας
1287 973 1314 1027 ἢ
1339 974 1462 1030 ταύτῃ
1487 973 1633 1028 χρώμε-

275 1063 347 1088 νον
373 1049 515 1099 ζητεῖν,
543 1045 648 1093 ὅστις
673 1042 935 1097 κατηγορήσει
960 1047 1030 1082 τοῦ
1050 1042 1287 1095 πράγματος.
1321 1041 1359 1081 8.
1379 1035 1476 1080 ἀλλ’
1497 1038 1632 1080 ἐπαι-

275 1120 338 1154 νῶ
363 1112 474 1161 τοὺς
500 1111 586 1152 οὐκ
618 1108 839 1164 ἀγαθοὺς
871 1106 920 1148 ἐν
953 1108 1039 1163 ἴσῳ
1070 1111 1172 1155 τοῖς
1203 1105 1414 1161 ἀγαθοῖς
1434 1100 1524 1145 ’καὶ
1554 1103 1632 1145 διὰ

275 1185 412 1220 τοῦτο
439 1177 635 1231 φεύγεις
660 1174 770 1223 τοὺς
795 1169 902 1226 παρ’
925 1171 1058 1226 ἡμῶν
1077 1171 1321 1221 ἐπαίνους.
1353 1169 1450 1215 ἀλλὰ
1469 1169 1638 1223 μάλιστα.

221 1257 256 1283 15
277 1243 349 1298 μὲν
373 1243 525 1291 ἐκεῖνος
551 1240 752 1298 ἐπῃνέθη,
787 1237 925 1279 πολλοὶ
950 1236 992 1278 δὲ
1017 1241 1188 1290 παντελῆ
1215 1235 1288 1290 μὲν
1318 1235 1392 1278 οὐκ
1423 1235 1537 1289 ἔσχον
1560 1234 1635 1287 τὴν

275 1309 434 1362 ἀρετήν,
455 1310 505 1349 ’ὲν
539 1307 582 1348 δέ
614 1323 650 1347 τι
684 1306 839 1359 μόριον,
865 1303 886 1345 ὃ
913 1304 966 1357 μὴ
993 1311 1110 1357 τιμᾶν
1135 1303 1314 1352 ἐπαίνοις
1338 1300 1491 1342 ἄδικον.
1532 1300 1568 1342 εἰ
1591 1298 1630 1342 δ’

273 1372 349 1416 οὖν
380 1391 439 1423 τις
470 1372 537 1414 καὶ
568 1379 647 1413 τῶν
681 1370 938 1423 φαυλοτέρων
974 1369 1176 1426 ἐπῃνέθη,
1210 1367 1325 1426 τέχνῃ
1359 1367 1459 1422 πρὸς
1491 1365 1635 1419 ἀρετὴν

274 1441 439 1492 ἐκλήθη.
484 1437 791 1491 θαυμαζόμενος
821 1435 896 1491 γὰρ
927 1435 1006 1478 ἀπὸ
1038 1427 1117 1476 τῶν
1149 1434 1222 1475 οὐκ
1261 1433 1388 1475 ὄντων
1419 1431 1473 1482 ὥς
1507 1430 1634 1474 ὄντων

347 1561 367 1591 2
397 1556 491 1590 Pluss.
511 1565 590 1599 reg.
610 1555 647 1589 et
670 1552 759 1598 imp.
782 1551 934 1597 apopth.
947 1550 1041 1586 Phil.
1057 1554 1099 1586 15
1119 1562 1156 1596 p.
1179 1549 1290 1585 1⁷8ss
1364 1553 1385 1584 3
1412 1547 1451 1584 ef
1478 1550 1626 1594 ep.·571

323 1608 342 1638 6
373 1603 463 1638 plat.
486 1601 643 1637 Phaedr.
663 1612 700 1646 p.
721 1603 789 1635 228
804 1602 836 1634 A

271 1710 467 1748 δουλεύειν
495 1711 529 1745 V
557 1708 623 1743 sed
649 1719 669 1743 e
701 1706 818 1754 μηδὲν
850 1705 967 1753 λέγειν
999 1717 1079 1742 corr
1103 1705 1159 1741 ω*
1185 1706 1223 1740 et
1254 1719 1297 1751 γρ
1329 1703 1446 1750 μηδὲν
1471 1703 1569 1750 ἔχειν
1594 1703 1633 1738 in

274 1770 382 1804 marg
406 1758 474 1802 ω’,
499 1757 528 1793 S
551 1757 615 1792 sed
642 1770 686 1802 γρ
713 1754 830 1801 μηδὲν
857 1754 953 1801 ἔχειν
979 1764 1152 1799 suprascr

347 1858 368 1888 2
395 1853 463 1889 οὐκ
489 1852 591 1887 inser
617 1851 676 1887 V³
720 1861 781 1886 om
810 1851 924 1886 VaVo
943 1849 1008 1884 sed
1029 1849 1069 1884 in
1081 1848 1153 1885 hoc
1177 1859 1238 1884 ras
1264 1851 1285 1882 3
1310 1847 1392 1890 litt,
1433 1846 1629 1890 ViJVindg

270 1899 312 1937 δ’
343 1902 377 1936 V
471 1905 491 1936 3
517 1902 580 1935 καὶ
601 1910 663 1935 om
692 1899 760 1934 Vi!
842 1902 863 1933 ὃ
890 1895 977 1934 οὐδ’
1002 1898 1077 1933 Vi!
1108 1898 1114 1942 Ι
1148 1899 1242 1946 δρᾷς
1266 1895 1401 1941 scripsi
1428 1893 1522 1942 ὁρᾷς
1544 1893 1633 1930 libri

274 1949 382 1984 Wolf
403 1949 459 1984 Re
484 1948 550 1993 qui
581 1947 620 1982 in
653 1946 868 1993 parenthesi
905 1944 1165 1981 collocandum
1199 1946 1327 1980 censet.
1362 1944 1401 1979 et
1433 1942 1482 1978 ad
1513 1944 1635 1983 καλῶς

275 1995 471 2032 subaudiri
495 2001 615 2036 ποιεῖς
636 1996 641 2040 Ι
663 1995 840 2030 ἀπαντᾶν
866 1994 901 2029 V
921 1993 986 2028 sed
1011 1994 1091 2038 ν(1)
1117 2003 1200 2027 eras
1250 1995 1270 2026 6
1297 1989 1338 2027 δὲ
1364 1992 1452 2037 post
1476 1989 1509 2026 εί
1537 1990 1607 2026 Vi!

272 2044 466 2086 πλάτωνος
495 2044 582 2089 post
613 2044 736 2086 ἀγνοῶ
765 2041 836 2077 Vi!
925 2044 944 2076 '1
971 2053 1030 2086 μοι
1064 2039 1214 2084 reposui
1240 2050 1260 2076 e
1291 2038 1400 2074 libris
1425 2051 1468 2083 με
1494 2036 1602 2073 Wolf

273 2091 519 2136 παρακελεύῃ
546 2092 599 2127 Va
650 2094 672 2126 8
699 2090 802 2125 ιί-ξ)
823 2089 991 2135 ἐγκαλεῖν
1009 2099 1070 2123 om
1097 2088 1186 2124 Vin
1231 2091 1252 2122 9
1281 2091 1372 2131 „aut
1395 2087 1460 2133 109.
1485 2084 1636 2126 πείθεις

270 2145 342 2176 aut
374 2139 486 2175 οὐδὲν
512 2138 637 2182 ἕτερον
662 2143 797 2179 ποιεῖς,
822 2135 845 2182 ἢ
884 2141 1136 2181 συκοφαντεῖν
1166 2133 1315 2176 πείθεις
1345 2134 1422 2170 Re¹⁴
1471 2134 1478 2178 Ι
1522 2143 1633 2170 σνκο·

275 2194 431 2233 φαντεῐς
458 2188 511 2222 Va
522 2187 572 2222 Vo
597 2185 758 2221 fortasse
783 2187 884 2220 recte
924 2187 930 2228 Ι
963 2183 1004 2219 δὲ
1033 2182 1139 2219 Wolf
1207 2186 1249 2218 11
1276 2182 1348 2229 ‹us›
1415 2180 1520 2263 <ἕιὴ>
1547 2180 1633 2216 coni

275 2235 330 2270 Re
418 2238 461 2270 12
494 2235 562 2270 οὐκ
598 2236 687 2269 ante
718 2233 859 2269 ἐπαινῶ
891 2231 980 2267 libri
1011 2231 1078 2267 sed
1119 2241 1202 2266 eras
1240 2231 1311 2274 Vo,
1398 2229 1435 2264 ol
1512 2227 1635 2264 delevi

276 2284 428 2318 auctore
456 2282 509 2318 Re
608 2286 652 2317 13
678 2281 748 2316 οὐκ
774 2291 834 2315 om
862 2279 1127 2316 VViIJIVind
1219 2282 1263 2314 14
1283 2277 1419 2324 φεύγοι
1452 2276 1488 2312 V
1505 2276 1571 2312 aed
1595 2289 1634 2311 οι

274 2331 314 2365 in
340 2343 396 2372 οις
421 2341 504 2365 corr
527 2329 595 2371 ω’,
629 2330 685 2365 Va
710 2328 841 2374 φεύγει
862 2328 914 2364 Vo
959 2329 965 2374 1
1017 2327 1122 2372 ὑμῶν
1147 2326 1203 2362 Va
1278 2329 1321 2361 14
1347 2324 1505 2370 μάλιστα
1525 2344 1571 2350 -
1589 2327 1633 2359 15

275 2377 444 2425 ἐπῃνέθη
495 2389 556 2412 om
577 2377 760 2413 VitVind
865 2379 908 2411 15
943 2373 963 2411 ὁ
994 2373 1123 2415 τελέως
1161 2371 1310 2419 ἀγαθός
1342 2374 1430 2418 post
1462 2370 1633 2419 ἐπῃνέθη

274 2426 457 2461 excidisse
483 2426 566 2460 coni
591 2425 647 2460 Ro
692 2425 698 2471 Ι
745 2422 786 2460 δὲ
816 2434 876 2459 om
904 2423 1086 2458 ViIVind
1173 2425 1216 2457 17
1242 2421 1348 2468 πρὸς]
1375 2420 1444 2466 τὴν
1471 2420 1542 2456 Vi!

273 2476 320 2509 18
346 2472 488 2520 ἐβλήθη
517 2474 587 2509 Vi!
