1806 2964
657 219 928 257 EPISTULAE
956 222 1151 256 loe—108
1242 199 1244 201 ’
1499 217 1583 262 1οΊ

209 338 362 391 μᾶλλον
397 333 463 388 δέ,
487 329 546 376 ὧν
572 333 742 375 σύνοιδά
767 346 832 375 σοι
858 333 996 389 μικρά·
1021 333 1066 376 τὸ
1091 332 1168 388 γὰρ
1193 333 1352 374 ἅπαντα
1383 331 1486 373 πολὺ
1511 329 1586 385 μὲν

203 402 339 457 ἔργον,
363 404 520 443 πολλοῦ
547 399 591 442 δὲ
609 399 768 455 χρόνου.
802 402 842 443 3.
867 399 935 442 καὶ
960 400 1011 441 σὺ
1036 399 1171 454 μέντοι
1194 398 1238 440 τὸ
1257 398 1466 439 κάλλιστον
1485 396 1585 453 ὁρᾶν

208 469 344 523 νόμιζε
370 475 441 522 τῆς
468 467 662 522 Μεγάλης
686 466 850 517 πόλεως.
869 465 938 508 καὶ
961 466 1037 522 γὰρ
1062 466 1100 508 εἰ
1129 460 1247 514 οὗτος
1272 465 1486 518 σεμνύνειν
1509 465 1585 507 αὐ-

202 535 278 589 τὴν
307 534 461 576 ἐθέλων
485 537 645 575 πολλῶν
675 529 784 574 εἷναί
811 546 915 587 φησι
948 534 1151 589 δεύτερος,
1187 531 1242 586 μὴ
1276 529 1509 572 λανθανέτω
1541 542 1584 571 σε

201 602 362 659 πλούτῳ
388 599 462 656 μὲν
487 604 647 643 πολλῶν
665 598 904 654 ἡττώμενος,
923 600 1055 641 κάλλει
1075 597 1118 640 δὲ
1136 605 1272 653 ψυχῆς
1291 596 1391 652 ἔχων
1411 601 1581 652 κρατεῖν.
1621 613 1638 639 ⁶

855 777 931 836 ρη’.
1507 785 1557 821 W
1586 790 1653 823 107

668 865 914 924 Μοδέστῳ.
947 874 1120 922 (359s60)

265 956 303 994 1.
329 951 554 1006 Εὐδαίμων
588 951 685 993 ’ὅσου
718 950 791 1004 μὲν
816 948 1025 1004 Ἑλλήνων
1056 949 1196 991 παισὶν
1230 947 1362 1002 ἄξιος,
1395 947 1504 997 ὅπως
1536 945 1581 989 δὲ

204 1017 305 1072 ἡμῖν
330 1019 469 1072 φίλος,
501 1017 561 1059 ὅτι
586 1015 629 1058 δὲ
654 1021 737 1066 τοῖς
768 1022 855 1067 σοῖς
885 1016 1060 1072 ἀγαθοῖς
1091 1016 1260 1071 χαίρων,
1292 1011 1416 1057 οἶσθά
1445 1030 1485 1056 τε
1511 1013 1580 1056 καὶ

204 1085 306 1139 πρὸς
339 1083 460 1126 ἄλλον
494 1084 622 1133 εἴποις
652 1082 715 1126 ἄν.
766 1084 871 1126 οὕτω
911 1081 954 1124 δὲ
990 1083 1091 1138 ἔχων
1128 1081 1302 1136 εὔδηλον
1340 1080 1394 1132 ὡς
1424 1079 1502 1122 κᾶν
1533 1075 1579 1122 εὖ
1599 1097 1634 1123 ιο

198 1151 390 1204 ποιήσαις
415 1150 486 1192 τὸν
510 1147 642 1206 ἄνδρα
666 1148 806 1203 ἡδέως.
839 1153 878 1192 2.
905 1150 1092 1206 ῥᾳστώνη
1111 1147 1155 1191 δέ
1174 1161 1239 1190 σοι
1257 1154 1328 1190 τοῦ
1346 1149 1579 1204 πράγματος

199 1218 258 1268 εἰς
283 1217 493 1272 Αἴγυπτον
518 1215 689 1258 ἐλθόντι.
721 1216 802 1258 ἔστι
828 1215 900 1269 μὲν
924 1216 1000 1271 γὰρ
1026 1215 1136 1273 αὐτῷ
1161 1215 1291 1270 πατήρ
1317 1230 1356 1256 τε
1380 1213 1508 1270 γέρων
1533 1213 1579 1255 ἐν

207 1284 425 1341 Πηλουσίῳ
450 1282 518 1324 καὶ
542 1281 657 1338 γένος
682 1282 860 1340 εὐγενείᾳ
891 1282 963 1336 μὲν
994 1282 1160 1331 οὐδενὸς
1186 1282 1372 1336 ὕστερον,
1396 1281 1578 1336 χρήματα

199 1348 243 1391 δὲ
268 1349 407 1398 αὐτοῖς
433 1346 487 1390 δι’
517 1348 731 1391 ἐπιείκειαν
757 1348 807 1391 οὐ
839 1349 976 1390 πολλά.
1030 1351 1068 1390 3.
1088 1349 1256 1397 τούτους
1281 1346 1332 1388 ἂν
1357 1348 1460 1390 ι’δεῖν
1485 1347 1575 1390 ἕθε-

201 1415 342 1473 λήσῃς,
366 1419 502 1457 καλεῖν
526 1415 714 1465 κελεύσας
743 1416 838 1466 τοὺς
854 1416 1116 1469 Εὐδαίμονος
1140 1414 1314 1464 οἰκείους
1344 1413 1511 1464 ἐκείνοις
1535 1429 1576 1456 τε
1596 1429 1631 1456 15

198 1481 375 1537 ἀρκέσεις
400 1481 469 1523 καὶ
493 1480 610 1536 ἡμῖν·
636 1480 735 1536 ἡμῖν
762 1481 834 1536 μὲν
858 1480 1144 1536 τετιμημένοις,
1169 1480 1336 1530 ε’κείνοις
1362 1480 1405 1523 δὲ
1435 1479 1575 1535 (ἰσχυ-

197 1546 301 1604 ρὸν)
337 1548 438 1604 πρὸς
475 1547 696 1602 ἀσφάλειαν
734 1548 866 1603 ἔχουσι
910 1548 953 1590 τὸ
993 1546 1035 1589 σὲ
1077 1547 1132 1601 μὴ
1170 1551 1388 1602 παρελθεῖν
1426 1546 1576 1596 αὐτοὺς

198 1622 341 1673 σιωπῇ.
366 1613 434 1656 καὶ
452 1614 528 1670 γὰρ
547 1615 590 1657 εἴ
607 1631 728 1656 τινων
753 1622 831 1656 νῦν
849 1621 1062 1670 πειρῶνται
1080 1612 1374 1669 χαλεπωτέρων,
1401 1612 1575 1657 ὄψονται

270 1784 292 1816 6
325 1781 394 1821 V11
417 1779 468 1826 α’,
492 1778 574 1816 πθ’.
609 1781 666 1817 Va
691 1779 742 1825 α’,
768 1779 829 1828 ιβ’.
863 1781 917 1817 Vo
942 1779 990 1827 β’,
1008 1769 1067 1826 ΤΒ.
1094 1792 1139 1826 pr

269 1928 289 1960 ¹1
316 1924 462 1961 Sievere
487 1927 535 1961 80
559 1926 638 1961 not.
659 1929 716 1961 55.
743 1924 861 1961 Seeck
887 1929 968 1961 862.
996 1929 1077 1962 214.
1105 1924 1274 1962 Silomon
1301 1928 1347 1961 34
1416 1928 1438 1961 8
1465 1924 1571 1962 Suid.

195 1985 225 2009 ε.
245 1985 278 2009 v.
301 1971 509 2019 Εὐδαίμων
535 1974 818 2021 Πηλουσιώτης,
843 1972 1119 2020 γραμματικός,
1151 1973 1357 2020 σύγχρονος
1381 1971 1569 2021 Λιβανίου

195 2026 264 2057 τοῦ
284 2027 478 2065 σοφιστοῦ,
497 2021 593 2066 πρὸς
611 2020 656 2058 ὃν
669 2022 734 2057 καὶ
747 2020 945 2069 ὃιάφόρως
963 2020 1142 2068 φαίνεται
1161 2021 1331 2069 γράφων.
1365 2021 1484 2058 Seeck
1499 2025 1567 2058 131

270 2169 289 2200 1
316 2160 369 2201 ὧν
394 2164 530 2211 scripsi
556 2175 577 2202 e
597 2165 663 2202 VS
675 2166 723 2202 Vi
731 2165 767 2201 D
792 2167 836 2201 ut
860 2165 946 2202 coni
970 2165 1027 2202 Re
1054 2164 1079 2202 ἃ
1112 2167 1169 2203 Va
1185 2167 1236 2203 Vo
1267 2165 1335 2202 sed
1365 2166 1406 2202 in
1431 2167 1504 2203 hoc
1530 2167 1571 2203 in

195 2208 250 2248 ὧν
275 2223 359 2249 corr
382 2212 451 2258 ω’,
477 2213 552 2250 edd.
591 2215 598 2261 Ι
636 2214 732 2250 πολὺ
765 2214 806 2250 et
831 2217 852 2249 2
882 2213 993 2261 ἔργον
1019 2214 1072 2250 Vo
1099 2214 1167 2250 sed
1185 2215 1209 2250 ὺ
1234 2214 1275 2250 in
1301 2219 1346 2251 οῦ
1366 2216 1406 2251 et
1429 2229 1452 2252 v
1479 2215 1518 2251 in
1542 2229 1567 2252 v

194 2271 279 2297 corr
296 2260 354 2296 ω’
415 2265 436 2296 3
462 2259 582 2303 οὕτως
602 2262 649 2299 Vi
708 2266 731 2297 4
757 2261 870 2308 φήσει
890 2262 975 2298 coni
996 2262 1049 2298 Re
1071 2263 1078 2309 Ι
1100 2273 1139 2299 σε
1175 2273 1235 2298 om
1263 2263 1304 2299 D
1377 2266 1400 2299 8
1426 2262 1516 2300 ὅσον
1539 2265 1575 2300 V

194 2307 285 2350 ὅσας
317 2309 374 2345 Va
447 2313 468 2345 9
495 2316 574 2352 σοῖς
597 2308 698 2346 inser
731 2310 779 2346 V‘
854 2315 897 2346 11
923 2310 1095 2355 ποιήσεις
1126 2311 1180 2348 Vo
1208 2310 1314 2347 Wolf
1348 2313 1355 2357 1
1394 2309 1568 2360 ῥαστώνῃ

194 2355 286 2393 libri
311 2357 386 2393 edd
461 2361 506 2394 14
529 2357 687 2400 τούτους
718 2358 755 2395 V
775 2358 843 2394 sed
867 2360 950 2405 v(2)
976 2370 1023 2395 ex
1048 2372 1062 2395 ι
1087 2369 1169 2395 corr
1216 2360 1222 2404 Ι
1268 2358 1387 2396 loom
1419 2359 1478 2396 Va

197 2408 242 2440 16
268 2403 439 2448 ἀρκέσεις
469 2406 524 2443 Vo
548 2406 616 2442 sed
641 2419 696 2448 εις
719 2405 761 2442 in
786 2419 825 2443 οι
850 2418 933 2443 corr
958 2406 1015 2442 ιη’
1038 2405 1190 2452 ἀρκέσει
1214 2406 1324 2443 Wolf
1363 2409 1370 2455 Ι
1415 2407 1569 2456 ὴμτνθ)

193 2463 256 2489 om
280 2464 327 2499 pr
357 2457 363 2500 Ι
393 2453 550 2500 ἰσχυρὸν
573 2454 716 2491 inserui
766 2465 826 2490 om
858 2454 949 2490 libri
973 2454 1047 2491 odd
1073 2455 1141 2491 sed
1165 2459 1259 2501 „aut
1281 2459 1367 2492 ante
1391 2460 1462 2493 aut
1480 2461 1568 2503 post

195 2499 408 2547 ἀσφάλειαν
432 2502 531 2540 deest
554 2502 731 2550 ἰσχυρὸν“
760 2503 815 2539 Re
