1806 2964
276 224 364 267 538
867 221 1050 257 LIBANII

205 336 277 371 488
303 331 352 365 W
907 331 1012 385 φοβ’.

756 416 1024 472 Γυμνασίῳ.
1057 419 1164 462 (357)

342 505 378 541 1.
404 500 489 541 Οὐκ
508 499 719 553 ἠχθέσθην
740 506 810 552 τῆς
828 498 871 539 ἐκ
889 498 1079 552 βασιλέως
1098 506 1249 553 τροφῆς
1273 495 1335 542 ἐπ’
1357 498 1501 549 ἄλλους
1526 515 1636 553 μετα·

281 567 435 619 στάσης.
462 566 540 606 ἔδει
565 566 639 620 γάρ
666 580 711 618 με
730 563 867 613 τελέως
890 564 1043 605 ἐκεῖθεν
1061 565 1267 605 λελύσθαι·
1286 571 1401 606 τοῦτο
1422 564 1464 606 δὲ
1489 565 1639 619 ὑπῆρξε

243 647 262 672 ε
284 639 329 689 τῇ
355 638 425 684 τῆς
450 637 602 685 τροφῆς
628 631 864 683 μεταστάσει.
905 633 941 670 2.
967 630 1036 671 τὸν
1062 628 1135 683 μὲν
1165 625 1239 671 οὖν
1264 630 1511 684 ἀφελόμενον
1533 631 1640 684 εὐερ-

278 697 396 751 γέτην
421 695 609 751 ἡγοῦμαι,
633 696 722 750 περὶ
748 695 790 736 δὲ
809 702 888 736 τῶν
907 696 1128 750 χρημάτων,
1153 694 1179 736 ἃ
1203 695 1273 738 τὸν
1297 695 1374 750 πρὸ
1398 702 1470 737 τοῦ
1494 696 1638 750 χρόνον

278 764 322 804 οἱ
336 762 522 816 λαβόντες
542 762 616 803 οὐκ
635 761 859 814 ἀπέδωκαν,
883 758 997 802 εἶπάν
1021 761 1120 814 πρὸς
1145 761 1214 802 τὸν
1232 760 1402 816 ἄρχοντα
1425 761 1492 802 καὶ
1515 774 1637 816 προσ-

280 828 368 877 θεὶς
404 827 458 877 ὡς
482 832 535 883 τῷ
566 832 906 881 καταφρονεῖσθαι
931 825 1051 868 πλέον
1075 825 1241 881 ἀλγοίην
1271 825 1298 880 ἢ
1324 833 1371 882 τῇ
1397 829 1536 884 ζημίᾳ,
1562 827 1636 881 μά-

279 909 354 947 την
380 893 529 947 ἔλεγον·
556 891 792 948 ἀπεκρίνατο
818 891 889 945 μὲν
914 892 988 947 γὰρ
1013 891 1148 946 οὐδέν,
1173 893 1292 946 δῆλος
1311 891 1354 934 δὲ
1379 888 1430 946 ἦν
1453 893 1548 942 τοὺς
1566 892 1638 946 μὲν

226 975 261 1001 ιο
282 958 596 1012 ἀποστεροῦντας
620 959 695 999 οὐκ
720 959 965 1012 αἰτιώμενος,
983 962 1066 1007 τοῖς
1085 956 1127 998 δὲ
1145 957 1356 999 ἀπαιτοῦσι
1375 958 1636 1012 μεμφόμενος.

281 1028 318 1066 3.
346 1020 431 1064 ἀλλ’
454 1024 603 1072 ἐκεῖνος
630 1022 702 1076 μὲν
726 1024 822 1065 ἔστω
853 1030 933 1064 τῶν
957 1023 1220 1076 ἀδικούντων,
1248 1019 1469 1077 Ἰάμβλιχον
1503 1022 1565 1076 δέ,
1589 1022 1638 1065 ὃν

278 1090 500 1143 ἐθαύμαζες
535 1085 629 1145 παρ’
658 1088 775 1143 ἡμῖν,
815 1087 940 1142 ἡδέως
981 1089 1075 1141 ὄψει
1111 1085 1206 1144 παρ’
1227 1088 1324 1142 ’ὑμῖν
1361 1089 1428 1131 καὶ
1468 1090 1639 1140 διδάξεις

278 1172 321 1210 γε
347 1156 420 1209 τὴν
440 1156 635 1210 Μεγάλην
654 1155 786 1207 πόλιν,
810 1156 869 1205 τίς
893 1171 932 1197 τε
951 1171 1018 1197 και
1036 1155 1080 1197 ἐκ
1098 1155 1218 1196 τίνων
1242 1154 1345 1208 ἁνὴρ
1365 1155 1431 1196 καὶ
1456 1154 1510 1205 ὡς
1528 1154 1638 1205 άξιος

279 1228 395 1275 τιμῆς
428 1219 631 1273 Ἑλλήνων
662 1222 812 1262 παισίν.
849 1220 1088 1275 ἀμφοτέροις
1120 1221 1194 1275 γὰρ
1225 1228 1340 1262 τοῦτο
1374 1220 1541 1274 κόσμος,
1583 1225 1637 1278 τῷ

225 1303 259 1329 ιε
279 1285 352 1340 μὲν
386 1286 465 1328 ὑπὸ
497 1293 567 1340 τῆς
598 1293 671 1340 σῆς
704 1286 955 1328 ἐπαινεῖσθαι
990 1293 1152 1340 φωνῆς,
1186 1285 1249 1327 σοὶ
1283 1285 1326 1327 δὲ
1354 1286 1423 1327 τὸν
1455 1293 1637 1328 τοιοῦτον

277 1352 463 1393 ἐπαινεῖν.

204 1430 253 1464 W
280 1434 349 1467 489
910 1418 1015 1479 φογ’.

787 1511 982 1563 Σιλανῷ.
1016 1511 1122 1555 (357)

338 1596 374 1632 1.
397 1587 598 1649 Ἐπῄνεσα
624 1592 854 1633 Σπεκτάτον
877 1598 957 1633 τῶν
981 1607 1038 1641 εις
1057 1590 1113 1644 σέ,
1138 1594 1286 1645 μᾶλλον
1305 1590 1347 1633 δὲ
1367 1598 1446 1632 τῶν
1469 1591 1526 1640 εἰς
1551 1589 1636 1644 ἐμέ·

223 1673 259 1698 20
279 1656 325 1697 τὰ
349 1657 423 1711 γὰρ
449 1672 505 1706 εις
530 1656 571 1698 σὲ
602 1653 711 1698 ταῦτ’
750 1657 806 1706 εἰς
830 1656 1000 1710 ἐμαυτὸν
1033 1655 1218 1711 ἡγούμην
1247 1672 1288 1699 τε
1320 1656 1386 1698 καὶ
1411 1657 1544 1711 ἔλεγον
1567 1670 1636 1698 πε-

277 1727 466 1776 πρᾶχθαι.
499 1723 715 1775 συνήσθην
740 1722 783 1764 δὲ
809 1722 915 1781 αὐτῷ
939 1722 1060 1776 μικρὰ
1086 1721 1157 1775 μὲν
1187 1722 1446 1776 πεποιηκέναι
1468 1722 1634 1778 λέγοντι,

277 1789 393 1840 μείζω
425 1786 467 1828 δὲ
499 1787 814 1846 ὑπισχνουμένῳ.
847 1789 971 1842 δῆλον
996 1787 1039 1829 δὲ
1071 1788 1129 1830 ὅτι
1161 1787 1300 1829 καὶτὰ
1324 1789 1440 1842 μείζω
1464 1788 1635 1841 ποιήσας

274 1852 397 1906 μικρὰ
422 1852 584 1894 κάκεῖνα
609 1853 709 1908 πρὸς
733 1853 780 1894 τὰ
814 1853 1001 1906 μέλλοντα
1027 1854 1158 1906 φήσει.
1198 1857 1235 1895 2.
1251 1850 1473 1908 Ἰαμβλίχου
1499 1853 1542 1896 δὲ
1565 1855 1636 1896 τὸν

349 1961 366 1992 1
402 1957 494 2002 Vly
498 1953 632 2004 ‘2⁶55'·
667 1955 794 2000 Va52
815 1970 860 2003 οη
919 1957 1040 2001 Vog',
1060 1970 1105 2003 οη
1156 1961 1199 1993 17
1233 1958 1321 2003 Vly
1323 1957 1440 2005 ’,γ’σξ
1461 1961 1520 2005 (=-
1539 1959 1632 2007 απ).

284 2003 412 2049 νας,
437 2003 545 2051 [οθ].
581 2003 704 2049 Vog',
731 2004 806 2040 σθ’.
832 1971 934 2048 Sa‘,
953 2005 1014 2048 λζ.
1050 2005 1096 2041 Vi
1119 2005 1251 2054 [038¹]
1277 1972 1430 2051 Βρνδῖ

346 2103 367 2134 2
395 2099 538 2135 Sievers
565 2102 609 2134 68
635 2101 712 2135 not.
728 2103 785 2136 34.
812 2103 857 2135 75
882 2102 959 2136 not.
981 2104 1037 2136 30.
1077 2100 1193 2137 Seeck
1221 2105 1300 2137 166.
1332 2105 1401 2137 335
1415 2113 1468 2147 sq.
1543 2105 1564 2138 3
1585 2101 1630 2138 of

272 2157 332 2191 ep.
354 2150 422 2182 ⁷40
515 2151 557 2182 11
586 2146 632 2182 cf.
654 2158 700 2193 ep
705 2151 800 2182 ,571
902 2151 945 2183 14
973 2148 1631 2196 Aesch.Pors.402.A1istot.pep.l

272 2198 393 2277 {gd
413 2197 470 2287 ἐξ)
477 2193 622 2277 ὃὸἱξῖοτε
642 2159 700 2230 75?
707 2197 783 2231 not.
805 2198 860 2231 30.
888 2194 1005 2232 Seeck
1025 2199 1104 2232 278
1132 2199 1202 2232 335
1277 2199 1321 2234 19
1347 2197 1466 2233 Seeck
1491 2200 1558 2233 281

345 2329 366 2361 3
392 2325 504 2362 ἄλλον
530 2326 647 2381 VaVo
673 2325 780 2362 Wolf
823 2330 846 2363 8
870 2329 921 2375 τῷ
945 2327 1052 2364 Vsed
1072 2330 1101 2377 ῷ
1120 2338 1166 2364 ex
1191 2328 1212 2364 ὸ
1232 2339 1314 2364 corr
1331 2328 1388 2364 m⁴
1439 2332 1481 2364 11
1504 2327 1630 2365 ἐκεῖνα

280 2373 315 2408 V
360 2377 404 2408 13
429 2372 526 2419 ἀνὴρ
552 2373 686 2420 scripsi
718 2374 815 2420 ἀνὴρ
840 2363 928 2410 libri
954 2364 1086 2411 Wolf
1108 2378 1151 2410 18
1172 2373 1343 2423 ’Ῑοβιανῶ
1369 2375 1457 2413 SVi
1511 2379 1557 2412 20
1581 2375 1629 2412 τὰ

268 2433 301 2504 ἓ
296 2417 370 2504 ⁹13²)
386 2425 493 2504 Wffif
503 2420 656 2468 λέγοντα
677 2422 716 2457 D
784 2426 829 2457 22
854 2425 979 2469 μεῖζον
1005 2423 1040 2459 V
1060 2422 1168 2459 Wolf
1184 2425 1191 2469 Ι
1212 2425 1323 2469 δῆλος
1349 2425 1396 2460 V
1381 2437 1395 2460 ι
1454 2427 1499 2459 23
1518 2422 1630 2468 θήσει
