1806 2964
676 206 947 243 EplsTULAE
967 210 1157 243 644—547
1234 179 1236 181 V
1510 207 1598 250 511

228 317 321 368 κὼς
351 318 539 373 ἐκάθητο.
589 326 661 361 τοῦ
687 316 724 360 δ’
753 319 882 368 οὕτως
911 318 1118 373 ἐσχηκέναι
1148 320 1250 373 πρὸς
1283 318 1407 373 ἡμᾶς,
1438 318 1604 360 ἐπειδὰν

232 384 353 443 ἥκῃς,
386 385 542 443 ἀκούσῃ
568 385 638 436 τὰς
670 386 809 435 αἰτίας.
862 387 900 425 2.
936 391 1014 426 νῦν
1039 384 1082 427 δὲ
1107 393 1179 428 τοῦ
1204 386 1349 435 παιδὸς
1374 384 1602 440 ἀφιγμένου

230 452 351 493 πάλιν
374 451 627 505 ἐποιησάμην
651 457 810 507 πεῖραν·
847 450 869 493 ὅ
904 450 947 493 δὲ
980 450 1156 504 ἀμείνων
1182 448 1233 506 ἦν
1258 450 1286 506 ἢ
1319 453 1500 506 πρόσθεν
1534 451 1603 493 καὶ

228 521 414 573 παρεῖχεν
438 516 561 559 αὑτὸν
586 518 643 568 εἰς
661 518 703 559 τὸ
730 518 957 571 μανθάνειν
981 516 1048 558 καὶ
1073 516 1195 571 ἤκουε
1220 518 1310 572 περὶ
1334 525 1404 571 τῆς
1423 525 1497 571 σῆς
1522 518 1602 570 φύ-

228 595 328 634 σεως
361 583 428 625 καὶ
461 584 567 626 πόσα
601 583 668 637 ἔτη
702 583 875 639 γεγονὼς
908 584 1045 634 ἔλθοις
1066 581 1263 637 Ἀθήναζε
1297 584 1364 626 καὶ
1399 585 1522 634 δόξαν
1547 581 1602 637 ἣν
1639 599 1659 626 s

229 649 377 691 αὐτόθι
401 650 566 703 κτήσαιο
591 649 658 691 καὶ
683 649 827 706 λόγους
851 649 924 699 οὓς
948 651 1105 700 δείξαις.
1146 653 1183 692 3.
1210 650 1277 692 καὶ
1295 649 1449 706 προϊὼν
1467 650 1602 704 ἔλεγον

232 714 302 764 τὰς
336 715 436 770 πρὸς
460 716 531 758 τὸν
555 714 770 771 ἐπίτροπον
795 717 930 769 δίκας,
967 716 1042 770 τὴν
1075 716 1226 769 ἔφεσιν,
1261 717 1356 766 τοὺς
1390 715 1602 769 δευτέρους

230 779 392 835 ἀγῶνας
417 781 491 823 ὅσα
515 797 555 823 τε
579 781 887 837 ἔκακουργήθης
910 781 1134 836 ἁπτόμενος
1159 779 1316 838 θρόνου
1341 781 1409 823 καὶ
1433 782 1508 836 τὴν
1530 788 1602 823 τοῦ

232 847 423 898 δόξαντος
457 852 615 901 κρατεῖν
640 848 684 890 ἐν
708 854 791 898 τοῖς
825 849 967 903 γάμοις
1001 849 1185 902 τελευτὴν
1210 848 1275 890 καὶ
1312 847 1366 898 ὥς
1391 849 1514 890 ταῦτά
1539 861 1603 889 σοι

231 914 476 970 προηγόρευε
495 915 666 968 Κάλχας.
702 914 723 957 ὁ
743 914 786 956 δὲ
805 914 1011 968 ἐθαύμασέ
1029 930 1068 956 τε
1093 914 1161 956 καὶ
1185 918 1320 956 καλεῖν
1339 914 1514 956 ἐκέλευσε
1533 913 1601 955 καὶ
1622 929 1659 956 ιο

231 979 410 1033 ἔπεμψεν
435 980 509 1022 ὅσα
534 979 641 1034 ἐξῆν,
666 980 721 1031 ὡς
739 982 787 1023 τά
811 997 853 1036 γε
879 982 996 1034 μείζω
1021 981 1207 1035 βασιλεὺς
1227 981 1396 1022 ἐκώλυσε
1421 981 1602 1036 γράφων.

232 1048 270 1086 4.
303 1046 464 1099 φάνηθι
497 1046 548 1099 δὴ
582 1046 676 1100 μετὰ
707 1048 837 1102 λόγων
869 1050 1038 1088 πολλῶν.
1066 1048 1190 1100 δῆλον
1222 1046 1264 1088 δὲ
1299 1046 1366 1098 ὡς,
1403 1047 1524 1096 ὅσους
1549 1046 1602 1088 ἂν

231 1113 388 1170 κομίζῃ,
413 1112 535 1161 οἴσεις
559 1113 719 1165 καλούς,
744 1112 812 1154 καὶ
838 1109 919 1166 μετ’
943 1113 1115 1155 ἐλπίδων
1140 1113 1310 1168 ἀγαθῶν
1337 1114 1423 1166 ἰών,
1449 1114 1600 1166 τεκμαί-

232 1193 352 1231 ρομαι
377 1178 466 1232 γάρ,
492 1172 550 1218 ὧν
574 1176 626 1219 ἂν
651 1178 784 1228 εὔξαιο
811 1179 928 1232 μείζω
954 1179 1088 1233 λαβὼν
1112 1178 1215 1220 ἄπει.

861 1310 967 1365 φμζ.
1528 1320 1578 1355 W
1603 1323 1672 1356 461

699 1392 907 1454 Ἑορτίῳ.
960 1405 1130 1453 (356J57)
1620 1411 1658 1438 ιο

298 1482 334 1519 1.
350 1475 427 1519 ’Ἀν
451 1479 595 1533 γράψω
622 1495 658 1521 τι
682 1480 852 1535 χρηστὸν
876 1481 966 1535 περὶ
990 1488 1061 1522 τοῦ
1085 1482 1310 1535 Θεμιστίου,
1335 1483 1385 1524 σὺ
1411 1482 1483 1535 μὲν
1506 1488 1601 1525 πολ-

231 1547 315 1594 λοῖς
339 1544 387 1585 τὰ
421 1546 630 1599 γράμματα
665 1547 822 1599 δείξεις,
857 1545 995 1605 ἐκείνῳ
1021 1547 1063 1588 δὲ
1099 1547 1174 1589 οὐκ
1205 1547 1330 1603 ὀλίγοι
1356 1549 1533 1601 φήσουσι
1557 1549 1601 1591 σὲ

230 1608 520 1660 ἐξαπατᾶσθαι·
559 1611 671 1652 ταυτὶ
696 1612 771 1668 γὰρ
795 1608 899 1654 εἶναι
923 1619 1004 1654 τῶν
1029 1614 1280 1655 διδασκάλων
1305 1613 1482 1655 ἐπαινεῖν
1506 1616 1602 1665 τοὺς

234 1674 438 1730 ὁμιλητάς,
463 1676 540 1718 κᾶν
566 1673 639 1719 ὦσι
664 1683 825 1731 φαῦλοι.
877 1682 916 1720 2.
942 1678 1017 1734 ε’γὼ
1044 1674 1120 1720 οὖν
1146 1678 1172 1720 ἃ
1197 1680 1367 1721 σύνοιδα
1392 1684 1445 1738 τῷ
1467 1682 1599 1722 νεανί-
1619 1688 1659 1714 ²⁰

231 1755 313 1800 σκῳ
338 1744 508 1797 γράφειν
533 1742 652 1796 ἀφεὶς
676 1745 800 1787 αὐτόν
819 1758 861 1787 σε
885 1746 1000 1799 ἥκειν
1025 1746 1122 1796 ἀξιῶ
1148 1747 1243 1795 τοὺς
1268 1746 1311 1787 ἐν
1330 1747 1436 1804 αὐτῷ
1457 1747 1600 1802 λόγους

231 1807 447 1862 ὀψόμενον.

307 1905 352 1937 15
384 1903 435 1938 Vl
456 1903 504 1948 γ’,
528 1902 597 1949 σμ’.
632 1905 686 1940 Va
712 1903 758 1948 ς’,
784 1904 853 1951 νγ’.
886 1906 939 1942 Vo
965 1904 1011 1949 ς’,
1037 1904 1093 1951 vy'

307 2001 352 2033 16
379 1997 497 2035 Seeck
524 2002 604 2035 171.
631 2003 700 2035 333
766 2005 808 2037 17
836 2000 955 2038 Seeck
982 2005 1050 2037 307

305 2099 327 2129 4
354 2095 472 2131 αὐτὸν
500 2096 592 2132 VVa
620 2096 727 2133 Wolf
743 2099 749 2140 Ι
777 2097 891 2142 ἤκουε
918 2099 954 2135 V
975 2098 1042 2135 sed
1074 2110 1091 2134 ε
1123 2109 1144 2134 e
1176 2110 1214 2134 σε
1247 2109 1330 2135 con·
1361 2099 1417 2134 m‘
1460 2098 1602 2143 ἤκουεν

240 2143 297 2179 Va
346 2145 368 2177 6
387 2141 503 2185 δείξει
521 2143 611 2180 libri
648 2156 731 2181 corr
749 2145 858 2182 Wolf
874 2148 880 2191 Ι
900 2147 1047 2190 προϊὼν
1067 2146 1201 2192 scripsi
1220 2148 1374 2183 auctore
1393 2146 1448 2183 Re
1485 2158 1600 2192 προσ-

234 2190 303 2226 ιὼν
326 2189 416 2227 libri
441 2190 551 2228 Wolf
643 2196 664 2227 9
691 2193 810 2237 δόξαν
827 2193 948 2232 τὸνῐῙα
965 2194 979 2278 i
997 2204 1057 2231 σοι
1081 2194 1216 2240 scripsi
1240 2207 1301 2230 τοι
1324 2197 1386 2240 (τι
1415 2195 1482 2240 Va)
1507 2194 1599 2231 libri

231 2237 342 2274 Wolf
411 2242 458 2274 10
482 2238 625 2287 κάλχας
649 2242 706 2278 Va
730 2242 797 2278 sed
822 2240 893 2278 κάλ
917 2241 964 2277 de
1012 2245 1018 2288 Ι
1057 2242 1276 2288 ἐθαύμασεν
1303 2243 1359 2279 Va
1392 2244 1398 2288 Ι
1433 2242 1601 2279 ἐκέλευσε

233 2286 369 2333 scrip-i
401 2297 422 2324 ο
449 2288 506 2324 Va
542 2288 686 2326 ἐκέλευε
720 2289 810 2327 VVo
843 2289 949 2326 wolf
990 2292 996 2337 Ι
1047 2291 1114 2326 καὶ
1140 2291 1230 2337 {unu
1255 2290 1318 2326 del
1344 2291 1402 2327 Va
1488 2295 1530 2327 11
1556 2304 1602 2337 γε

230 2337 318 2381 post
341 2333 410 2371 ὅσα
435 2334 545 2372 Wolf
587 2336 711 2373 delevi
733 2340 738 2382 Ι
761 2349 801 2384 γε
827 2337 961 2384 scripsi
987 2349 1008 2375 ο
1029 2339 1084 2374 Va
1120 2351 1159 2375 τε
1169 2339 1258 2376 VVo
1277 2338 1384 2375 Wolf
1400 2340 1406 2387 1
1428 2339 1491 2380 eim
1508 2340 1601 2376 ἐκώ-

232 2385 320 2418 λυσε
339 2381 402 2418 del
422 2383 479 2419 Va
542 2388 587 2420 1⁸
607 2384 686 2421 ίῶν.
706 2385 956 2431 τεκμαίρομαι
981 2387 1098 2423 VaVo
1122 2385 1231 2422 Wolf
1297 2391 1341 2423 14
1366 2387 1417 2428 ὡς
1442 2387 1498 2422 Va
1519 2389 1526 2427 Ι
1549 2385 1602 2423 ἂν

232 2430 334 2467 inser
359 2430 431 2467 Vo‘
467 2442 528 2468 om
545 2431 648 2489 ch
665 2433 732 2470 Va.
779 2437 784 2478 Ι
831 2434 1002 2478 sequitur
1026 2445 1085 2480 ep.
1105 2438 1175 2470 554
1201 2435 1240 2470 in
1268 2435 1302 2471 V
1367 2439 1409 2470 17
1436 2434 1472 2470 τί
1500 2436 1552 2472 Vo

235 2482 280 2514 18
305 2479 347 2516 δὲ
371 2479 524 2524 reposui
549 2491 570 2517 e
594 2480 702 2518 libris
726 2494 766 2518 τε
791 2481 901 2518 Wolf
