1806 2964
665 201 935 239 EPISTULAE
962 204 1106 238 ἰτ-80
1239 182 1242 185 ’
1531 202 1588 245 79

206 321 306 358 σθαι
332 315 376 358 δὲ
401 321 453 373 τῷ
474 316 627 369 σώματι
652 315 706 369 μὴ
733 314 965 370 δυναμένου
990 316 1248 370 κομίσασθαι.
1290 319 1328 357 4.
1355 315 1431 370 ἐγὼ
1458 314 1501 356 δὲ
1527 312 1590 365 οἷς

205 399 251 436 με
283 383 472 432 πολλάκις
503 381 723 436 ἀνέστησας
754 382 1017 436 ἐπιστάμενος
1050 381 1131 435 ’ἤδη
1165 387 1249 431 τοῖς
1274 377 1371 436 παρ’
1400 380 1500 435 ἡμῖν
1527 382 1588 423 ἰα-

206 454 315 504 τροῖς
338 449 464 503 ἐρίζω.

856 569 939 612 οθ’.
1539 578 1587 612 W

546 657 775 713 Μητερίφ
800 655 878 696 καὶ
903 651 1114 712 Ἀλκίμῳ.
1148 659 1255 703 (359)

270 747 306 782 1.
337 742 397 783 Οὐ
422 742 565 796 γράφω
590 741 779 790 πολλάκις
804 740 918 794 ὑμῖν·
940 741 980 781 τί
994 739 1071 795 γὰρ
1090 739 1143 780 ἂν
1162 739 1230 781 καὶ
1249 741 1421 795 γράφειν
1442 740 1587 795 ἕχοιμι;

205 809 251 850 τὰ
286 809 454 863 νεώτερα
484 815 564 849 τῶν
595 807 702 861 ἐμῶν
734 814 889 859 κακῶνς
921 803 1007 848 ἀλλ’
1041 806 1114 848 ἐὰν
1148 806 1195 848 τὰ
1231 806 1395 861 ὑμέτερα
1428 805 1588 862 φέρητε,

204 875 355 931 κέρδος.
387 870 475 916 ἀλλ’
504 873 559 924 ὡς
583 874 657 930 χρὴ
683 878 912 929 καρτερεῖν;
946 873 1023 916 οὐκ
1047 873 1179 928 ἔμοιγε
1206 879 1395 922 τοσοῦτος
1422 873 1588 929 ὑπάρχει

205 943 331 997 λόγος.
363 937 449 982 ἀλλ’
479 940 533 990 ὡς
558 941 632 996 χρὴ
668 936 766 995 παρ’
803 939 910 994 ἡμᾶς
941 940 1102 990 {metm
1135 939 1210 982 οὐκ
1245 941 1325 981 ἔστι
1358 944 1491 981 πεῖσαι
1514 956 1588 981 κα-

205 1013 364 1050 λοῦντα.
402 1011 438 1050 2.
466 1012 643 1063 κρεῖττον
668 1002 744 1049 οὖν
775 1015 847 1048 τοῦ
873 1008 1045 1062 γράφειν
1075 1011 1159 1056 τοῖς
1191 1002 1269 1048 ὧδε
1301 1007 1435 1061 ἔχουσι
1460 1007 1504 1048 τὸ
1532 1006 1586 1060 μὴ

204 1076 387 1130 γράφειν.

865 1194 925 1237 π’.
1537 1203 1585 1237 W

683 1279 951 1339 Ἀνατολίφ.
986 1285 1093 1329 (359)

268 1371 305 1408 1.
336 1366 389 1408 Τὸ
422 1366 494 1421 μὲν
524 1367 620 1415 τοὺς
652 1367 845 1420 σοφιστὰς
879 1367 1083 1422 διασύρειν
1122 1366 1270 1415 εἰωθός
1311 1379 1375 1407 σοι
1406 1366 1474 1407 καὶ
1509 1381 1584 1406 πα-

205 1434 333 1484 λαιόν,
359 1433 439 1475 ἔδει
464 1432 507 1474 δὲ
532 1432 600 1475 καὶ
635 1433 709 1487 τὴν
742 1435 912 1475 Πυθίαν
944 1440 1062 1475 τοῦτο
1093 1437 1262 1483 παθεῖν,
1297 1433 1406 1483 ὅπως
1436 1445 1501 1475 σοι
1538 1432 1585 1473 τὰ

204 1500 407 1555 πρέποντα
433 1504 487 1556 τῷ
519 1499 596 1558 νέῳ
628 1501 847 1555 πράττηται
879 1501 1058 1556 σχήματι.
1098 1500 1281 1554 λέγουσιν
1314 1494 1390 1541 οὖν
1423 1512 1487 1541 σοι
1518 1499 1583 1540 καὶ

205 1568 248 1608 οἷ
270 1567 457 1620 σοφισταὶ
481 1566 550 1608 καὶ
580 1564 607 1620 ἡ
634 1568 796 1608 Πυθία·
832 1567 894 1623 μὴ
932 1568 1145 1608 παύσαιο
1179 1567 1426 1623 διασύρων
1458 1565 1485 1608 ἃ
1516 1582 1583 1607 τι-

204 1641 301 1686 μᾶν
338 1633 487 1684 ἄξιον.
541 1637 579 1674 2.
616 1633 693 1688 ἐγὼ
732 1632 775 1674 δὲ
809 1636 1018 1685 φιλεῖσθαι
1049 1631 1121 1686 μὲν
1160 1632 1240 1674 ὑπὸ
1277 1639 1351 1674 σοῦ
1385 1633 1585 1674 πιστεύων

277 1767 299 1798 4
333 1763 383 1802 V!
400 1762 450 1807 α’,
475 1762 519 1806 ξ’.
554 1764 606 1800 Vo
638 1762 689 1807 α’,
713 1763 762 1807 ξὲ.
788 1775 834 1809 pr
917 1766 961 1798 12
994 1763 1046 1802 Vl
1070 1764 1109 1798 et
1128 1777 1164 1802 11
1190 1777 1227 1807 α,
1247 1761 1318 1806 ξα’.
1355 1763 1408 1798 Vo
1439 1761 1489 1806 α’,
1515 1760 1582 1805 ξς’.

205 1812 234 1848 S
256 1811 306 1857 α’,
331 1810 378 1855 ζ’.
408 1812 454 1847 Vi
477 1811 555 1848 πεδ’.
591 1812 691 1848 Vina
716 1810 818 1856 μα’.
846 1812 887 1848 D
911 1810 964 1859 β’.
991 1822 1038 1858 pr

278 1935 300 1968 ὁ
325 1932 473 1969 Sievers
500 1936 544 1968 79
570 1934 649 1969 not.
669 1936 727 1968 51.
774 1932 893 1969 Seeck
918 1935 999 1968 368.
1028 1936 1109 1968 212.
1138 1936 1195 1969 5⁴2..
1243 1931 1414 1967 Silomon
1440 1935 1486 1966 30

206 1985 250 2016 13
277 1980 427 2017 Sievere
452 1984 607 2027 288,13.
635 1980 753 2018 Seeck
779 1983 861 2017 358.
888 1984 945 2017 66.
973 1979 1143 2017 Silomon
1170 1983 1216 2015 30

277 2107 299 2137 2
325 2100 551 2148 ἀπέστησας
584 2102 619 2139 V
646 2102 714 2138 sed
748 2104 832 2149 τ(1)
865 2113 949 2138 eras
1024 2105 1045 2137 9
1071 2102 1169 2147 ὑμᾶς
1202 2102 1236 2137 V
1271 2101 1338 2136 sed
1362 2114 1386 2146 η
1420 2111 1536 2147 supr·
1559 2115 1584 2137 υ

205 2150 261 2185 m⁶
337 2154 381 2186 10
414 2149 565 2197 ἔχουσιν
595 2149 706 2186 Wolf
777 2154 822 2186 14
857 2148 910 2187 Τὸ
938 2171 981 2177 -
1008 2148 1174 2187 παλαιόν
1206 2148 1426 2195 praemissis
1457 2148 1582 2185 verbis

205 2198 372 2244 διασύρω
399 2199 602 2246 αἰτιατικῇ,
628 2199 678 2242 ὡς
702 2199 769 2235 καὶ
794 2198 977 2246 Λιβάνιος
1002 2198 1098 2234 citat
1121 2198 1343 2244 Lacapenus
1370 2197 1420 2234 de*
1446 2199 1581 2233 constr.

204 2247 304 2283 verb.
332 2247 390 2283 ed.
412 2246 605 2283 Hermann
625 2247 681 2283 De
707 2247 932 2283 emendand.
948 2249 1020 2283 rat.
1038 2257 1163 2293 graec.
1184 2257 1348 2293 gramm.
1361 2258 1398 2292 p.
1415 2249 1497 2291 388,
1513 2249 1557 2281 16

205 2294 323 2331 πάλαι
348 2295 473 2342 Laoap
550 2299 594 2331 16
619 2295 791 2342 λέγουσιν
818 2317 862 2322 -
892 2299 936 2332 18
964 2295 1073 2340 ἄξιον
1098 2306 1159 2331 om
1187 2295 1217 2331 S
1284 2297 1329 2330 18
1349 2293 1367 2329 ἐ
1369 2295 1478 2341 γὼ-
1487 2274 1552 2354 ’,80
1563 2300 1579 2329 1

205 2346 350 2380 παθεῖν
378 2344 596 2389 praemissis
616 2344 738 2380 verbis
768 2342 979 2391 ἐπαγγέλλοι
1007 2344 1050 2380 τὸ
1079 2343 1191 2391 χάριν
1220 2343 1334 2388 αἰτῶ,
1361 2308 1481 2380 ἐνίοτε
1512 2341 1582 2389 μὲν

205 2391 301 2437 πρὸς
325 2390 601 2439 άπαρέμφατον
627 2391 945 2438 συντασσόμενον,
972 2392 1024 2434 ὡς
1047 2392 1113 2428 καὶ
1138 2390 1322 2439 Λιβάνιος
1348 2391 1443 2428 citat
1462 2391 1582 2427 Laca-

205 2450 325 2522 penu?
341 2440 392 2523 {le
411 2442 549 2477 constr.
569 2441 670 2477 verb.
696 2441 755 2477 ed.
781 2439 1019 2477 Hermannl.
1033 2440 1057 2477 1.
1073 2452 1109 2486 p.
1124 2443 1207 2484 368,
1229 2439 1337 2477 Ίζοῖ.
1359 2440 1441 2476 cod.
1463 2439 1580 2479 Mosa.

205 2492 275 2524 316
318 2500 340 2524 o
360 2516 367 2524 .
388 2492 448 2535 30)

1614 581 1659 613 77

1607 1022 1642 1047 10

1613 1205 1658 1238 78

1606 1446 1640 1472 15
