1806 2964
623 208 894 246 EPISTULAE
919 212 1111 246 429—430
1461 208 1550 252 419

181 337 222 364 τε
240 321 350 376 μένει
368 321 435 363 καὶ
453 322 618 371 τούτους
638 321 862 376 ἐπείληφεν.
903 324 942 363 5.
961 317 1029 377 ἦρι
1048 320 1121 376 μὲν
1139 316 1216 364 οὖν
1233 320 1396 364 ἄνωθεν
1414 320 1552 378 ἐρρύη,

180 387 302 430 παντὶ
333 386 377 430 δὲ
407 386 566 442 ἐνέβαλε
602 387 754 434 σθένει·
793 388 986 443 φάρμακα
1023 387 1067 430 δὲ
1103 388 1234 430 πάντα
1269 387 1450 443 ἠλέγχετο
1483 387 1552 430 καὶ

185 453 312 510 ἰατροὶ
334 453 410 507 τὴν
434 453 507 508 μὲν
531 453 759 509 ὑπερβολὴν
784 453 1029 509 ἐθαύμαζον,
1060 455 1230 496 κωλύειν
1260 453 1304 496 δὲ
1335 454 1410 496 οὐκ
1433 449 1550 508 εἶχον.

182 520 251 564 καὶ
281 520 548 575 διετελέσαμεν
572 520 797 570 ἐνναίοντες
821 520 956 563 αὐτῶν
986 524 1072 571 ταῖς
1101 519 1207 576 χερσὶ
1231 520 1299 562 καὶ
1323 518 1444 562 οὐδὲν
1469 520 1492 562 ὅ
1515 535 1552 560 τι

181 587 259 630 οὐκ
275 586 517 643 ἀνεχόμενοι.
557 590 595 629 6.
615 591 727 628 θεῶν
745 585 788 628 δὲ
806 586 885 643 ἄρα
902 603 960 637 τις
979 585 1078 641 ἡμῖν
1096 585 1257 641 εὔνους,
1277 586 1397 640 ὅστις,
1415 585 1550 639 ἐπειδὴ

181 660 284 709 χρῆν
301 669 350 708 με
368 657 524 708 καμεῖν,
542 653 663 695 ἔδωκε
681 655 947 709 παραμύθιον
965 653 1040 707 τὴν
1058 655 1296 708 Κληματίου
1314 653 1550 708 παρουσίαν.

180 719 314 762 ἐλθὼν
346 718 419 774 μὲν
448 719 523 775 γὰρ
554 719 683 769 εὐθὺς
716 718 943 775 ἀκροάσεως
974 719 1174 775 μετέσχεν,
1204 718 1228 762 ὃ
1258 714 1312 774 ἦν
1341 719 1479 776 ἐκείνῳ
1512 734 1551 760 τε

181 786 369 842 πάμμεγα
402 785 493 838 ἐμοί
527 801 566 827 τε
601 782 690 827 οἷον
715 786 790 827 οὐκ
823 785 928 828 ἄλλο.
982 789 1020 828 7.
1045 782 1176 828 ἔπειθ’
1204 785 1226 828 ὁ
1252 784 1325 841 μὲν
1349 783 1449 840 ’ὑπὲρ
1482 785 1551 827 τὸν

181 851 408 908 Εὐφράτην
442 851 576 894 ἐλθὼν
608 851 657 893 τὰ
686 854 858 906 Περσῶν
892 852 1162 906 σκεψόμενος,
1195 851 1332 906 ἐπειδὴ
1365 847 1551 911 ἐπῄεσαν,

181 917 435 973 ἀναστρέψας
459 916 581 968 ὀξέως
604 918 872 973 παρεσκεύασε
891 919 1142 974 Στρατήγιον
1159 919 1308 974 πρᾶξαι
1325 925 1448 960 ταῦτα
1473 913 1546 971 ἀφ’

183 979 242 1026 ὧν
265 983 410 1026 ἐκεῖνοι
434 983 579 1038 ταχέως
603 983 809 1038 ἀπῆλθον·
841 984 930 1039 ἐμοὶ
954 984 998 1027 δὲ
1027 985 1217 1040 ἐνέβαλον
1242 984 1478 1040 ἀλγηδόνες,
1509 986 1553 1025 αἳ

183 1057 255 1105 τῆς
278 1051 419 1104 κλίνης
443 1050 693 1100 έξανιστᾶσαι
717 1051 955 1108 περιτρέχειν
979 1051 1216 1107 ἠνάγκαζον.
1263 1053 1302 1094 8.
1327 1050 1439 1092 ταυτὶ
1464 1049 1551 1104 μέν,

183 1116 300 1159 ὁπότε
325 1117 429 1159 οἴκοι
453 1116 567 1171 μένοι
590 1118 840 1171 Κλημάτιος,
865 1117 1212 1173 παρακαθημένου
1238 1116 1281 1159 δὲ
1304 1117 1373 1159 καὶ
1397 1117 1550 1159 τούτων

181 1183 389 1238 ἐδυνάμην
421 1188 595 1239 κρατεῖν·
631 1184 757 1234 οὕτως
789 1184 1038 1241 ἰσχυρότερος
1068 1179 1120 1238 ἦν
1144 1185 1370 1239 φαρμάκων
1393 1185 1551 1225 πείθων

183 1249 336 1304 φέρειν,
355 1250 672 1304 συναχθόμενος,
684 1251 849 1305 παίζων,
869 1251 1120 1304 σπουδάζων,
1138 1249 1455 1304 ἀναμιμνήσκων
1471 1256 1551 1291 τῶν

184 1315 381 1372 ἀρχαίων,
418 1316 588 1371 χρηστόν
618 1331 656 1357 τι
691 1315 907 1372 προλέγων.
960 1319 998 1359 9.
1030 1316 1074 1362 τὸ
1103 1317 1207 1358 πολὺ
1239 1315 1282 1358 δὲ
1313 1323 1393 1358 τῶν
1423 1316 1552 1371 λόγων

179 1377 466 1438 Ἀρισταίνετος
501 1378 555 1437 ἦν
591 1382 658 1423 καὶ
695 1380 780 1437 μετ’
817 1383 972 1425 ἐκεῖνον
993 1380 1203 1437 Ἄλκιμος,
1238 1382 1307 1424 καὶ
1342 1382 1462 1424 παντὶ
1497 1386 1552 1440 τῷ

181 1449 477 1503 παραπίπτοντι
500 1448 544 1490 τὸ
571 1449 644 1490 σὸν
663 1447 791 1502 ὄνομα
815 1449 1052 1504 ἐπεισήγετο.
1089 1450 1164 1491 εἴτε
1188 1450 1264 1506 γάρ
1289 1465 1348 1499 τις
1372 1450 1429 1499 εἰς
1446 1447 1552 1504 ἡμᾶς

185 1513 319 1568 ἐφάνη
356 1512 566 1572 ῥᾴθυμος,
599 1512 699 1556 ἀλλ’
739 1516 826 1557 οὐκ
859 1513 1210 1571 Ἀρισταίνετός
1245 1531 1295 1571 γε
1331 1522 1551 1565 τοιοῦτος

185 1577 324 1636 ἐλέγετ’
347 1579 414 1635 ἅν,
432 1581 508 1622 εἴτε
534 1580 659 1631 ὄντως
685 1582 807 1634 φίλον
825 1580 977 1640 ἐπῄνει,
996 1578 1094 1623 ἀλλ’
1117 1582 1204 1624 οὐκ
1218 1577 1549 1640 Ἀρισταινέτῳ

181 1662 231 1701 γε
264 1647 604 1702 παραπλήσιος
637 1643 779 1697 οὗτος
812 1649 1070 1703 προσετίθετο
1100 1646 1163 1689 ἅν.
1216 1651 1284 1690 10.
1310 1647 1365 1698 ὥς
1396 1647 1440 1690 δὲ
1469 1648 1551 1705 ἐγέ-

179 1713 271 1755 νετό
295 1728 365 1767 μοι
395 1712 463 1754 καὶ
493 1717 637 1768 θυρῶν
663 1713 738 1764 ἔξω
763 1720 966 1767 φανῆναι,
996 1714 1105 1769 παρά
1135 1730 1175 1756 τε
1205 1714 1276 1756 τὸν
1300 1715 1552 1770 Στρατήγιον

181 1771 283 1837 ’ᾖμεν
301 1779 369 1820 καὶ
387 1779 453 1821 ἐπὶ
471 1780 640 1835 λουτρὸν
660 1779 830 1832 ἐκεῖθεν,
855 1778 877 1821 ὅ
897 1780 970 1834 μὲν
989 1780 1245 1834 λουσόμενος,
1270 1780 1346 1836 ἐγὼ
1366 1779 1409 1822 δὲ
1428 1780 1551 1827 αὐτὸν

181 1851 263 1886 τῶν
282 1841 459 1899 Ὁμήρου
477 1861 515 1887 τι
539 1845 773 1901 περιέμενον
799 1845 923 1903 ᾄδων.
961 1847 1028 1888 διὰ
1053 1845 1158 1889 δὲτὸ
1184 1846 1343 1902 σφόδρα
1368 1846 1551 1900 ἀλλήλοις

252 1954 276 1987 4
301 1949 350 1987 cf.
370 1960 430 1996 ep.
450 1953 520 1986 529
572 1954 594 1987 6
619 1950 667 1987 cf.
689 1961 747 1998 ep.
767 1954 838 1987 435
863 1963 901 1998 p.
923 1955 1005 1998 426,
1021 1955 1077 1988 13.
1106 1950 1226 1987 Seeck
1246 1954 1316 1987 110
1367 1955 1412 1987 10
1433 1950 1551 1988 Seeck

179 1999 251 2034 283
320 2001 364 2034 17
391 1997 510 2035 Seeck
535 2001 580 2034 62

254 2098 273 2130 1
299 2092 383 2140 ἦρει
410 2095 465 2131 Va
526 2098 548 2130 2
575 2093 750 2144 ἐνέβαλεν
769 2096 826 2132 Va
881 2100 903 2132 4
935 2094 1150 2137 ἐνναίοντες
1173 2095 1307 2143 scripsi
1331 2098 1376 2133 ut
1400 2107 1459 2144 ep.
1479 2100 1549 2134 529

180 2141 372 2184 ἐννέοντες
395 2141 485 2179 libri
509 2142 618 2180 Wolf
634 2145 640 2189 Ι
660 2150 745 2186 ταῖς
763 2143 967 2181 delendum
987 2145 1117 2181 censet
1128 2143 1334 2181 WolfAdd
1347 2148 1416 2181 865
1439 2147 1445 2192 Ι
1466 2157 1550 2192 χερ-

180 2189 241 2226 σὶν
260 2191 318 2227 Va
342 2189 452 2227 Wolf
521 2195 542 2226 δ
569 2190 704 2235 εὔνους
722 2191 857 2238 scripsi
883 2191 1017 2235 εὔνοος
1045 2192 1135 2229 libri
1154 2191 1264 2229 Wolf
1333 2195 1354 2228 6
1380 2192 1494 2240 ἐχρῆν
1521 2193 1557 2231 V

179 2237 247 2274 sed
272 2239 292 2276 ἕ
315 2249 397 2275 eras
419 2240 425 2285 Ι
448 2238 590 2276 ἔδωκεν
616 2241 672 2276 Va
747 2243 767 2276 ‘1
792 2252 832 2276 τε
856 2241 1010 2287 reposui
1029 2251 1050 2277 e
1068 2239 1178 2276 libris
1204 2239 1273 2287 μὲν
1290 2240 1400 2277 Wolf
1463 2245 1486 2278 8
1510 2254 1551 2278 τε

180 2285 316 2333 scripsi
340 2297 362 2324 e
388 2287 425 2324 V
465 2286 507 2324 δὲ
534 2288 590 2325 Va
616 2287 726 2324 Wolf
784 2291 806 2324 9
832 2288 1067 2335 σκεψάμενος
1093 2290 1150 2327 Va
1200 2292 1245 2325 10
1270 2289 1551 2332 παρεσκεύασεν

188 2334 247 2371 Va
314 2338 359 2371 14
378 2331 424 2371 οὗ
445 2336 500 2373 Va
575 2339 620 2372 18
640 2335 808 2383 εἰσήγετο
823 2336 860 2373 V
874 2337 942 2373 sed
961 2338 1007 2374 ἐκ
1028 2338 1188 2383 antepos
1213 2336 1282 2383 m‘,
1309 2337 1366 2374 Va
1392 2338 1399 2386 Ι
1430 2336 1503 2375 εἴτε
1522 2339 1556 2375 V

181 2381 249 2418 sed
268 2384 344 2430 ε(2)
363 2393 409 2419 ex
428 2396 441 2420 ι
461 2394 545 2420 corr
562 2383 622 2420 m⁶
687 2388 734 2422 20
760 2382 826 2421 εἴτ’
858 2385 916 2433 V!
938 2384 1052 2445 φίλον
1071 2384 1207 2432 scripsi
1233 2396 1253 2421 e
1279 2385 1327 2422 V·
1348 2387 1469 2431 φιλῶν
1494 2387 1551 2423 Va

180 2429 292 2466 Wolf
359 2431 490 2479 ἐπῄνει
513 2432 666 2478 reposui
690 2443 710 2468 e
735 2432 845 2468 libris
879 2433 987 2480 ἐπῃει
1010 2433 1119 2470 Wolf
1187 2437 1231 2469 21
1258 2431 1496 2479 προυτίθετ’
1520 2434 1555 2469 V

228 2481 275 2514 28
324 2492 394 2525 μεν
419 2479 552 2526 scripsi
587 2476 682 2527 ἦμεν
704 2480 795 2517 libri
821 2480 931 2517 Wolf
959 2483 965 2529 Ι
986 2483 1145 2527 λοῦτρον
1168 2480 1278 2518 Wolf

1572 930 1606 956 10

1573 1260 1605 1287 15

1570 1590 1606 1618 20
