1806 2964
303 240 394 283 424
891 239 1072 275 LIBANH

301 351 454 405 ἑτέραν·
482 350 536 401 ὡς
556 353 643 401 ἑνὸς
669 351 811 406 μετέχω
837 351 963 404 μόνου
988 357 1060 391 τοῦ
1086 355 1323 404 προσειπεῖν.
1365 354 1402 391 3.
1428 351 1465 392 εἰ
1487 350 1560 405 μὲν
1584 347 1660 394 οὖν

302 415 428 470 οὔσης
453 433 521 470 μοι
545 418 752 470 δυνάμεως
777 417 853 458 οὐκ
877 416 1081 468 ἀπέλαυες,
1106 415 1277 469 ἠδίκουν
1301 415 1368 457 ἅν·
1394 415 1660 459 ἀδυνατοῦντι

302 480 345 523 δὲ
371 483 612 537 συγγνώμην
637 483 749 537 ἔχειν.
793 478 851 524 ὧν
876 479 915 523 δ’
942 479 1019 536 ἐγὼ
1042 482 1194 536 κύριος,
1219 481 1285 522 καὶ
1310 482 1372 523 σύ.
1398 481 1466 523 καὶ
1489 482 1564 536 τὴν
1587 482 1660 536 μὲν

302 547 345 588 ἕν
372 548 626 606 λαμπροτέρῳ
651 548 819 602 σχήματι
841 548 1006 601 πορείαν
1030 546 1146 600 ἅφες,
1170 547 1219 588 οὐ
1243 547 1318 602 γὰρ
1336 553 1407 601 τῆς
1432 554 1506 602 σῆς
1523 555 1660 603 ψυχῆς

266 629 282 654 5
302 612 417 663 ἄξιον
440 614 487 654 τὰ
511 621 675 655 τοιαῦτα
698 614 902 668 θηρεύειν,
926 612 1058 654 ἐλθὼν
1083 612 1125 654 δὲ
1151 613 1259 662 ὅπως
1282 612 1334 654 ἂν
1357 612 1446 670 ἐξῇ,
1477 613 1661 665 δοκίμαζέ

302 695 380 732 μου
405 679 480 732 τὴν
503 680 684 734 γνώμην,
708 680 787 734 εἴγε
812 677 1006 732 μέμνηται
1023 684 1103 719 τῶν
1120 685 1285 734 πτερῶν.
1322 681 1361 720 4.
1386 678 1507 732 πτερὰ
1533 678 1576 721 δὲ
1600 678 1660 721 ἐν·

301 749 435 786 ταῦθα
459 746 580 787 πλείω
603 744 672 786 καὶ
696 745 739 786 οἰ
758 745 806 786 τὰ
830 744 879 786 σὰ
904 743 1208 797 θαυμασόμενοι
1230 747 1400 797 πλῆθος.
1444 745 1510 786 δεῖ
1527 743 1570 786 δὲ
1593 745 1662 786 καὶ

301 810 438 864 νόμων
463 811 705 852 διδασκάλου
729 815 812 859 τοῖς
837 810 953 860 νέοις.
995 808 1037 851 σὲ
1063 808 1106 851 δὲ
1131 816 1247 851 τοῦτο
1272 809 1460 862 ἀναμένει
1490 813 1660 852 κεκωλυ-

301 876 430 918 κότων
453 874 569 930 ἡμῶν
594 875 726 931 ἕτερον
750 876 956 930 ἐπιστῆναι
981 880 1035 932 τῷ
1059 876 1267 930 πράγματι.

230 1026 278 1059 w
305 1030 395 1062 1241
937 1018 1033 1060 υλό.

251 1119 283 1143 ιι
784 1104 1033 1160 Θεμιστίῳ.
1084 1114 1188 1157 (355)

368 1193 404 1229 1.
437 1189 667 1241 Συνήσθην
686 1189 908 1244 φιλοσοφίᾳ
932 1202 971 1228 τε
996 1187 1062 1228 καὶ
1087 1190 1140 1244 τῷ
1164 1188 1332 1240 βασιλεῖ·
1357 1190 1410 1245 τῷ
1427 1186 1513 1241 μέν,
1540 1187 1600 1229 ὅτι
1617 1188 1661 1230 τὸ

304 1254 510 1295 κάλλιστον
536 1249 592 1295 ὧν
618 1253 762 1295 ἔδοσαν
786 1252 991 1310 ἀνθρώπῳ
1022 1252 1113 1294 θεοὶ
1143 1259 1260 1306 τιμᾶν
1284 1252 1501 1294 ἐπίσταται·
1532 1259 1580 1310 τῇ
1604 1248 1662 1306 δ’,

305 1319 364 1359 ὅτι
395 1319 462 1360 καὶ
491 1319 599 1374 παρὰ
629 1326 708 1360 τῶν
739 1318 782 1360 ἐν
812 1318 1010 1368 ἐξουσίαις
1039 1318 1295 1371 θαυμάζεται.
1345 1317 1408 1359 σοὶ
1439 1313 1478 1358 δ’
1505 1316 1557 1359 ἂν
1581 1318 1662 1373 ἔχοι

250 1392 283 1418 ¹⁵
305 1385 418 1438 χάριν
443 1385 543 1438 αὐτή
569 1401 608 1425 τε
634 1384 700 1426 καὶ
725 1384 890 1433 ἐκεῖνος·
917 1383 966 1424 σὺ
990 1383 1066 1437 γὰρ
1091 1383 1245 1437 ἀμφοῖν
1269 1384 1395 1433 αἴτιος
1418 1384 1569 1425 τούτων
1593 1399 1660 1426 τυ-

303 1454 395 1503 χεῖν.
441 1453 477 1490 2.
504 1450 579 1504 ἐγὼ
606 1449 649 1492 δὲ
673 1450 739 1491 καὶ
763 1450 860 1505 πρὶν
884 1447 1101 1490 ἐπιστεῖλαί
1123 1461 1164 1490 σε
1188 1450 1289 1503 πρὸς
1313 1448 1378 1503 ἐμὲ
1403 1456 1525 1491 ταῦτα
1548 1447 1661 1508 ᾔδειν

302 1516 347 1557 ἐκ
378 1523 457 1557 τῶν
488 1517 587 1570 πρὸς
624 1516 694 1558 τὸν
725 1515 887 1571 ἄριστον
917 1513 1098 1568 ἡκόντων
1129 1515 1377 1570 Στρατήγιον
1412 1516 1662 1570 γραμμάτων.

303 1580 425 1623 ἔδωκε
449 1581 525 1636 γὰρ
549 1582 576 1622 ἅ
601 1597 639 1622 τε
665 1582 715 1623 σὺ
734 1582 834 1636 πρὸς
852 1580 975 1622 αὐτὸν
1000 1580 1066 1622 καὶ
1091 1580 1117 1621 ἃ
1141 1580 1231 1634 περὶ
1255 1587 1328 1622 σοῦ
1352 1581 1453 1635 πρὸς
1475 1580 1661 1635 τὴνβου-

303 1646 378 1699 λὴν
403 1646 425 1689 ὅ
448 1648 578 1689 πάντα
602 1647 759 1702 ἀγαθὸς
783 1647 931 1702 ἔγραψε
961 1648 1156 1701 βασιλεύς.
1204 1645 1231 1687 ἃ
1256 1646 1306 1699 δὴ
1332 1644 1386 1687 δι’
1414 1645 1614 1700 ἑρμηνέως
1638 1647 1662 1688 ὅ

251 1718 285 1744 ²⁰
304 1704 340 1752 τι
373 1714 435 1766 εἴη
462 1714 660 1766 μαθόντες
695 1713 1012 1767 ὑπερεχαίρομεν.
1060 1711 1210 1767 ἐγένετο
1242 1712 1284 1754 δὲ
1317 1711 1384 1753 καὶ
1408 1712 1559 1754 τούτων
1581 1719 1661 1754 τῶν

305 1780 546 1833 γραμμάτων
558 1779 802 1834 πρεσβυτέρα
821 1779 939 1831 φήμη
957 1778 1025 1819 καὶ
1043 1777 1118 1819 οὐκ
1137 1777 1357 1831 ἠπιστήθη,
1369 1777 1466 1832 ταχὺ
1485 1776 1527 1819 δὲ
1539 1790 1661 1833 προσ-

304 1844 422 1898 ετέθη
447 1845 514 1886 καὶ
538 1845 586 1886 τὰ
616 1846 836 1900 γράμματα.
887 1846 926 1884 3.
957 1845 1163 1884 κάλλιστον
1193 1842 1236 1884 δὲ
1265 1849 1345 1884 τῶν
1375 1841 1661 1899 πεπραγμένων

305 1911 347 1952 τὸ
373 1906 428 1951 δι’
456 1905 514 1951 ὧν
539 1909 611 1962 μὲν
637 1905 688 1964 ἧν
714 1914 915 1963 μετασχεῖν
945 1916 1014 1962 τῆς
1044 1910 1195 1962 βουλῆς
1226 1908 1280 1962 μὴ
1312 1908 1515 1962 ἀτιμάσαι,
1544 1907 1592 1950 τὰ
1617 1908 1659 1950 δὲ

377 2017 421 2050 10
455 2014 502 2049 VI
525 2014 571 2059 γ’,
597 2013 691 2058 (ηδ’.
725 2015 781 2049 Va
806 2012 847 2058 ε’,
873 2011 934 2049 'a'

377 2113 420 2145 11
448 2108 593 2145 Sievors
618 2112 665 2145 68
696 2111 772 2145 not.
793 2112 850 2145 32.
883 2111 966 2152 224,
985 2113 1019 2144 4.
1051 2107 1168 2144 Seeck
1195 2111 1275 2144 295.
1301 2111 1370 2143 322
1470 2110 1513 2143 17
1540 2106 1657 2143 Seeck

303 2160 374 2192 283
450 2160 493 2192 18
518 2156 700 2193 Themist.
720 2169 757 2202 p.
779 2160 925 2202 18esq.
952 2155 1071 2192 Seeck
1096 2159 1166 2191 294

376 2256 397 2288 8
424 2252 499 2299 εἴγε
523 2251 658 2298 scripsi
683 2262 704 2288 e
729 2253 765 2288 V
797 2251 871 2288 εἴτε
896 2252 954 2288 Va
977 2250 1086 2288 Wolf
1156 2254 1175 2286 7
1200 2249 1486 2297 θαυμασόμενοι
1509 2249 1659 2297 reposui

306 2312 326 2336 e
350 2300 458 2336 libris
491 2299 784 2347 θαυμασάμενοι
807 2298 916 2335 Wolf
986 2302 1029 2335 16
1054 2299 1145 2344 πρὶν
1169 2299 1235 2335 καὶ
1259 2299 1318 2335 Va
1355 2301 1361 2344 Ι
1394 2296 1597 2335 ἐπιστεῖλαί
1621 2307 1659 2334 σε

304 2348 439 2394 scripsi
473 2346 692 2388 ἐπιστείλας
717 2348 753 2384 V
772 2347 838 2383 sed
864 2360 901 2384 οι
925 2347 966 2382 in
989 2360 1014 2393 η
1040 2357 1123 2382 con·
1139 2346 1208 2392 m⁴,
1233 2345 1343 2382 Wolf
1373 2343 1588 2388 ἐπιστείλειε
1603 2345 1660 2382 Va

307 2400 396 2440 „aut
421 2394 625 2442 ἐπιστείλῃς
648 2399 718 2431 aut
740 2392 941 2432 ἐπιστεῖλαί
967 2397 1027 2431 σε“
1054 2394 1109 2430 Re
1183 2397 1228 2429 18
1254 2393 1279 2429 ἃ
1303 2393 1404 2429 infler
1427 2392 1478 2428 V⁴
1522 2403 1582 2429 om
1603 2393 1659 2430 Va

354 2447 461 2489 19sq.
488 2441 546 2479 ὅτι
571 2444 607 2480 V
687 2446 731 2478 21
759 2440 1008 2489 ἀπιστηθείση
1036 2442 1091 2478 Va
1136 2442 1144 2489 1
1192 2440 1234 2478 δὲ
1260 2442 1301 2477 et
1324 2444 1370 2477 22
1395 2441 1461 2477 καὶ
1484 2440 1587 2477 inser
1611 2440 1661 2476 V·

304 2503 364 2527 om
385 2491 440 2528 Va
513 2494 558 2527 28
583 2489 653 2537 μὲν
677 2490 779 2526 inser
804 2490 859 2526 V*
