1806 2964
281 220 371 263 334
870 219 1052 257 LIBANII

281 337 370 372 νῦν
395 320 646 386 ἐγγῦτατα,
680 337 769 372 νῦν
800 329 910 387 παρ’
941 331 1065 389 αὐτῷ
1091 332 1170 374 καὶ
1201 333 1440 388 διηγεῖται
1470 333 1527 386 δὴ
1552 332 1645 385 τὴν

281 396 345 447 ὡς
368 396 450 438 τὸν
484 395 677 451 Πέρσην
709 396 846 451 ὀδόν,
877 398 1122 451 ποταμοὺς
1156 397 1242 447 οὓς
1272 396 1433 452 διέβη,
1463 404 1553 452 γῆν
1581 396 1645 452 ἣν

281 462 513 516 ἐπῆλθεν,
548 462 693 515 ἔθνη,
727 463 946 516 δίαιταν,
979 462 1092 512 τοὺς
1134 462 1242 516 περὶ
1282 457 1347 504 ὧν
1386 461 1643 517 ἐπρέσβευε

282 527 463 583 λόγους.
503 531 541 568 2.
567 527 588 569 ὁ
614 526 663 568 δὲ
688 525 846 585 ἡμέρῳ
871 543 918 568 τε
942 531 1004 584 τῷ
1029 529 1269 584 προσώπῳ
1300 527 1378 569 καὶ
1403 528 1646 582 μηνύοντι

247 606 263 634 5
282 593 369 646 τὴν
392 590 579 646 ἡδονὴν
602 592 796 634 ἐπαινεῖ
814 593 896 634 τὸν
921 593 1097 648 ῥήτορα
1128 592 1208 634 καὶ
1237 593 1382 647 τιμὴν
1412 593 1538 651 αὐτῷ
1563 594 1643 647 ζη-

282 665 373 700 τῶν
399 658 483 712 οὐχ
513 657 727 711 εὑρίσκει
751 659 947 712 μείζονα
971 663 1054 699 τοῦ
1078 657 1265 711 πέμψαι
1289 658 1447 699 πάλιν.
1481 660 1520 699 3.
1540 657 1563 699 ὁ
1593 656 1645 699 δὲ

283 724 419 778 μόλις
454 723 558 777 μέν,
594 722 1013 777 ἀναμιμνήσκεται
1049 720 1098 764 δὲ
1135 729 1369 775 σοφιστοῦ
1405 738 1537 772 τινος
1573 723 1643 764 οἰ-

283 790 436 842 κείου,
469 780 501 847 ᾧ
530 788 722 844 λαμπρὰ
754 787 840 842 μὲν
870 787 1194 842 ὑπισχνεῖται,
1224 787 1423 843 πράττει
1454 786 1502 829 δὲ
1533 787 1648 829 οὐδὲ

284 854 427 909 μικρὰ
452 848 637 896 πείθων
664 854 810 895 αὑτὸν
844 853 904 903 ὡς
928 852 1072 908 ἀρκεῖ
1098 868 1143 895 τε
1173 854 1369 908 γελάσαι
1397 853 1477 894 καὶ
1502 856 1644 906 φιλῆ-

230 934 266 961 ιο
284 932 365 962 σαι
388 920 625 973 κεφαλήν,
648 919 729 961 καὶ
752 919 802 961 τὸ
827 919 1040 974 ἔγκλημα
1070 917 1273 960 λέλυται.
1312 922 1352 960 4.
1377 925 1540 961 τοιαῦτα
1572 917 1648 972 μέν

285 985 390 1027 ἐστιν
409 981 475 1038 ἐφ’
490 981 551 1035 οἷς
569 984 616 1026 τὰ
642 983 715 1038 μὲν
733 984 968 1039 ὑπερχαίρω,
988 983 1036 1024 τὰ
1055 979 1093 1025 δ’
1107 984 1339 1037 αἰτιώμενος
1359 984 1434 1026 οὐκ
1455 982 1648 1039 ἄχθομαι,

285 1050 369 1092 ἐπεὶ
401 1049 468 1091 καὶ
502 1050 546 1092 τὸ
579 1051 719 1104 πέπερι
752 1051 916 1103 μάλιστα
951 1048 1023 1102 μὲν
1055 1048 1229 1101 ἐλπίσας,
1262 1050 1403 1103 ἥκιστα
1436 1048 1479 1091 δὲ
1511 1048 1646 1103 λαβὼν

286 1117 394 1158 πάνυ
424 1119 523 1171 γελῶ
557 1115 747 1169 μαθητὴν
781 1114 887 1169 ὁρῶν
919 1127 960 1156 σε
991 1121 1063 1156 τοῦ
1094 1121 1314 1169 στρατηγοῦ
1338 1115 1542 1168 Χάρητος,
1573 1115 1649 1156 ὅσα

285 1197 329 1237 γε
348 1182 406 1231 εἰς
424 1181 662 1236 ὑποσχέσεις.
691 1180 859 1223 5.άλλὰ
883 1180 970 1236 γὰρ
996 1181 1140 1230 ἵππος
1165 1181 1364 1234 ἐκεῖνος,
1390 1172 1422 1238 ᾧ
1440 1183 1646 1221 Βασσια-

233 1262 268 1290 ιι
287 1246 373 1289 νὸν
410 1246 656 1301 ἐδωρήσω,
683 1247 903 1288 δείκνυσί
931 1261 983 1299 με
1018 1245 1341 1299 συκοφάντην.
1385 1245 1550 1299 μάλιστά
1591 1251 1647 1299 γε.’

287 1312 354 1354 καὶ
378 1313 454 1367 γάρ
479 1312 585 1354 ἐστιν
609 1308 678 1353 ἀπ’
700 1311 877 1365 ἐκείνων,
901 1308 963 1361 οἷς
987 1310 1008 1353 ὁ
1033 1311 1182 1367 Βορέας
1203 1310 1410 1366 πρόγονος.
1436 1316 1650 1369 τοιγαροῦν

288 1379 411 1419 δεῖται
440 1384 512 1419 τοῦ
543 1376 694 1432 Βορέου
724 1377 824 1431 πρὸς
854 1377 898 1419 τὸ
929 1381 1152 1429 κινεῖσθαι,
1182 1375 1258 1418 κᾶν
1290 1376 1344 1430 μὴ
1375 1374 1555 1430 σφοδρὸν
1579 1375 1646 1428 ἐμ-

287 1443 389 1500 πέσῃ
423 1450 600 1496 πνεῦμα,
629 1443 727 1484 κατὰ
753 1443 846 1492 τοὺς
870 1443 1015 1492 λίθους
1040 1441 1158 1496 μένει.
1200 1443 1239 1482 6.
1263 1442 1434 1483 πιστεύω
1459 1439 1502 1482 δὲ
1526 1440 1650 1482 αὐτὸν

287 1508 355 1550 καὶ
379 1509 423 1551 τὸ
456 1515 526 1551 τοῦ
553 1507 722 1553 Ξάνθου
753 1508 955 1561 ποιήσειν,
986 1507 1065 1550 ὑπὸ
1095 1508 1281 1559 πλήθους
1309 1511 1473 1561 πληγῶν
1505 1505 1651 1559 φωνὴν

237 1589 274 1616 20
292 1573 466 1627 ἀφήσειν
490 1573 768 1628 ἀνθρωπίνην·
795 1574 984 1627 τοιαύτην
1008 1571 1107 1626 ἡμῖν
1131 1571 1273 1627 ἀρετὴν
1298 1573 1432 1614 ἵππων
1455 1571 1617 1627 ἐξεῦρες.

363 1682 406 1713 13
433 1678 479 1714 of.
500 1688 559 1723 ep.
581 1680 661 1713 700.
688 1676 887 1713 Salzmann
913 1679 959 1713 80
1020 1680 1064 1713 16
1088 1675 1132 1712 11.
1151 1689 1175 1712 υ
1200 1679 1269 1711 223
1285 1687 1339 1722 sq.
1366 1675 1414 1711 cf.
1432 1675 1460 1711 t.
1480 1674 1498 1710 1
1518 1678 1649 1719 518‚1;

289 1725 323 1761 Π
342 1728 424 1764 455.
441 1728 486 1760 14
561 1728 603 1760 1‘1
631 1724 718 1761 ΗΘΒ.
738 1736 798 1771 op.
819 1729 887 1761 511
965 1728 1009 1760 19
1034 1723 1076 1760 Il.
1095 1737 1117 1760 τ
1136 1727 1205 1759 407

363 1813 381 1844 1
409 1809 450 1845 δὲ
465 1809 497 1845 0
537 1812 558 1844 2
574 1808 624 1849 ὡς
642 1807 777 1854 scripsi
797 1819 817 1844 e
835 1807 968 1845 VVaS
980 1807 1066 1845 Vic'
1098 1806 1152 1849 εἰς
1171 1807 1271 1844 VoD
1290 1805 1398 1842 Wolf
1461 1809 1482 1841 3
1507 1804 1650 1852 ἐπῆλθε

296 1856 345 1892 Vi
387 1857 393 1902 1
446 1855 519 1902 ἔθη
550 1855 637 1892 coni
669 1855 723 1891 Re
753 1857 793 1892 at
823 1855 972 1891 diversa.
1002 1856 1060 1891 est
1091 1854 1190 1891 ratio
1227 1864 1286 1900 ep.
1314 1856 1381 1889 881
1408 1865 1445 1899 p.
1466 1856 1613 1897 310,15
1641 1852 1648 1901 Ι

291 1901 513 1988 ἐπρέῗρευσε
531 1903 572 1939 D
658 1906 677 1938 7
702 1903 768 1939 καὶ
805 1905 892 1939 ante
921 1907 1100 1948 σοφιστοῦ
1129 1903 1164 1939 V
1187 1900 1294 1938 Wolf
1334 1900 1457 1938 delevi
1542 1903 1565 1936 9
1582 1901 1651 1937 αὒ-

292 1951 359 1988 τὸν
415 1951 586 1988 aVoGD
615 1951 621 1997 Ι
650 1951 689 1987 τὲ
707 1950 809 1986 inser
836 1950 889 1987 V⁶
963 1954 1008 1986 10
1031 1949 1101 1996 τὴν
1126 1951 1216 1986 anto
1246 1948 1415 1995 κεφαλήν
1446 1947 1555 1984 Wolf
1587 1948 1650 1984 de-

290 1999 364 2035 levi
386 1999 391 2046 Ι
420 1996 487 2045 μέν
503 1999 557 2036 Vo
575 1998 642 2035 sed
667 1998 730 2034 del
753 1998 823 2042 m’,
848 2010 889 2044 γε
913 1997 943 2034 S
966 1998 1031 2033 sed
1055 1997 1262 2044 praemisso
1287 2010 1332 2057 χρ
1357 1996 1470 2041 inser,
1499 1995 1608 2031 Wolf

293 2050 334 2082 11
364 2044 463 2083 ἐστιν
482 2046 617 2092 scripsi
654 2046 750 2082 εἰσιν
767 2045 857 2081 libri
877 2044 984 2082 Wolf
1000 2049 1006 2091 Ι
1028 2045 1131 2092 τὰ(ι)
1148 2045 1183 2080 V
1199 2045 1266 2081 sed
1285 2057 1311 2080 α
1331 2054 1376 2080 ex
1395 2049 1453 2086 οῖς
1471 2053 1554 2079 corr
1569 2042 1648 2091 m'!

290 2092 332 2130 δὲ
352 2094 522 2131 VaVoVi
596 2097 640 2130 12
663 2093 707 2130 τὸ
732 2093 833 2129 inser
850 2093 905 2131 V⁸
931 2094 937 2138 Ι
964 2092 1063 2140 μάλα
1091 2093 1245 2130 VVaVo
1306 2094 1350 2128 18
1369 2093 1461 2138 γελῶ
1473 2090 1651 2137 μαθητὴν

291 2141 390 2186 ὁρῶν
448 2152 487 2177 σε
531 2140 665 2187 scripsi
700 2151 720 2176 e
759 2141 789 2178 S
802 2140 847 2177 Vs·
881 2142 985 2188 γελῶ.
1035 2140 1211 2187 μαθητὴν
1249 2138 1347 2184 ὁρῶν
1380 2138 1470 2185 (ὁρῶ
1509 2138 1577 2184 Va)
1610 2141 1659 2174 σε’

249 2195 251 2198 “
298 2189 537 2226 VVaVoGD
567 2193 670 2235 γελῶ.
709 2187 887 2235 μαθητήν
919 2199 958 2224 σε
986 2186 1061 2233 ὁρῶ
1093 2187 1201 2256 YVolf
1227 2187 1294 2223 sed
1320 2197 1402 2223 corr
1433 2186 1520 2221 Add
1544 2188 1612 2222 861
1627 2184 1652 2245 n}

292 2247 498 2322 ἳξὲαξῖγῧυ
526 2237 581 2331 1¹71!
594 2234 807 2320 Ιξοῗέσιέξνῖῖ
844 2232 1517 2331 Ζὲξῗεείαβαῗιανῖῑρῗῖῧξῖἔὶέῧίῦ
1546 2237 1658 2316 Ῑνῢοῢ

291 2332 459 2379 βασιανῶ
487 2331 519 2368 0
539 2331 587 2368 cf.
615 2332 663 2367 ad
690 2342 747 2378 ep.
770 2334 839 2367 155
931 2334 976 2366 15
1002 2333 1088 2376 post
1118 2329 1361 2377 συκοφάντην
1379 2330 1561 2375 punctum
1585 2339 1651 2374 po·

291 2379 350 2415 aui
375 2391 395 2415 ο
429 2380 474 2415 Vi
496 2380 542 2414 ut
565 2379 650 2415 coni
669 2379 725 2415 Re
761 2389 822 2415 om
845 2377 982 2424 reliqui
999 2377 1087 2414 libri
1106 2377 1214 2414 Wolf
1283 2381 1327 2414 17
1346 2389 1386 2413 m
1435 2387 1498 2412 σαι
1517 2375 1570 2422 S!
1591 2374 1652 2421 ἐμ·

291 2427 434 2473 πνεύσῃ
460 2427 508 2463 Vi
596 2430 640 2463 19
665 2427 707 2462 τὸ
733 2426 876 2462 inserui
901 2425 1049 2462 olibrio
1069 2425 1147 2471 (τὸν
1173 2426 1233 2470 Vi)
1271 2436 1331 2461 om
1351 2424 1422 2460 Wo
1439 2423 1459 2458 f
1480 2423 1546 2459 sod
1572 2433 1656 2460 corr

291 2474 378 2510 Add
396 2478 466 2510 862
489 2477 494 2519 Ι
515 2479 582 2510 τοῦ
607 2474 646 2509 in
672 2474 713 2511 τὸ
738 2473 963 2510 mutandum
988 2473 1073 2509 coni
1098 2473 1152 2509 Re
