1806 2964
661 229 931 267 EPISTULAE
959 234 1102 265 ἰι-73
1234 199 1237 201 ⁵
1527 227 1582 270 73

198 352 313 389 λαιον
345 348 488 397 φίλων.
545 348 582 386 3.
621 345 747 402 τούτῳ
784 349 898 394 θεῖος
929 340 982 398 ἦν
1012 343 1225 398 Εὐσέβιος,
1261 342 1329 384 καὶ
1367 343 1491 397 δῆλον
1530 341 1583 393 ὡς

199 415 221 456 ὅ
245 430 284 455 τι
309 412 360 454 ἂν
385 414 487 470 τῷδε
513 413 712 466 συλλάβω,
737 416 792 469 τῷ
818 411 1051 464 μεταστάντι
1076 411 1319 464 κεχάρισμαι.
1346 410 1427 451 ἔστι
1447 408 1489 450 δὲ
1515 410 1583 452 καὶ

198 480 297 522 ἄνευ
322 482 475 522 τούτων
500 475 571 520 ἀπ’
601 479 734 521 αὐτῶν
761 486 841 519 τῶν
866 478 1026 534 τρόπων
1057 477 1281 530 ἐπιμελείας
1311 475 1485 531 ἄξιος,
1470 477 1515 527 ός
1540 493 1582 531 γε

198 549 304 606 φίλῳ
330 546 403 601 μὲν
429 548 599 600 βοηθῶν
625 563 703 587 καν
729 547 785 595 εἰς
810 552 891 600 πῦρ
917 544 1078 599 ἐμβαίη,
1106 545 1210 601 φίλῳ
1236 542 1279 585 δὲ
1312 543 1583 599 ἁμαρτάνοντι

197 614 409 667 κωλυτὴς”
397 615 549 654 ι’σταται
562 616 802 655 κολακεῦσαι
822 611 895 665 μὲν
914 612 990 653 οὐκ
1010 612 1140 664 εἰδώς,
1154 602 1375 667 ἐλευθέρως
1395 610 1477 653 δὲ’
1458 627 1581 652 επιτι-

197 688 336 736 μῆσαι,
362 680 430 721 καὶ
450 679 518 721 διὰ
537 679 609 734 μὲν
629 686 730 721 νοῦν
752 679 890 729 ἱκανὸς
910 679 1133 728 κινδύνους
1159 678 1210 720 οὐ
1231 679 1416 728 δικαίους
1435 679 1580 730 διαφυ-

198 753 297 803 γεῖν,
307 747 375 789 διὰ
389 746 432 788 δὲ
451 746 496 788 τὸ
515 747 649 802 χάριεν
668 754 740 801 τῆς
759 747 920 799 φύσεως
940 744 1044 800 ἡδίω
1063 752 1232 799 ποιῆσαι
1256 746 1467 800 σύλλογον,
1487 747 1581 800 χρή-

197 832 301 869 ματα
319 814 364 856 δὲ
382 813 583 869 προέσθαι
597 817 746 868 μᾶλλον
760 812 788 867 ἢ
801 814 939 867 λαβεῖν
953 816 1101 870 μελετᾷ.
1138 815 1177 854 4.
1191 812 1259 853 καὶ
1271 813 1417 854 τούτου
1431 813 1582 867 μάρτυς

196 882 273 938 ἐγὼ
295 882 370 935 τὴν
396 886 539 936 πεῖραν
560 880 603 922 ἕν
625 885 709 930 τοῖς
727 880 828 936 πρὸς
851 879 919 933 ἐμὲ
938 879 1232 935 πεπραγμένοις
1253 880 1398 933 λαβών.
1434 882 1471 921 5.
1492 881 1582 935 περὶ

197 945 247 991 οὗ
267 948 320 1002 δὴ
339 954 464 990 ταῦτα
488 948 611 997 ἔξεστι
631 947 772 1002 λέγειν,
792 954 934 988 τοῦτον
954 943 1066 1000 οἶμαι
1091 945 1169 987 κᾶν
1187 947 1350 988 πόλεσιν
1369 946 1582 989 ἐπιστάντα

197 1016 372 1068 φυλάξαι
397 1015 474 1068 τὴν
499 1014 664 1068 μελέτην
689 1013 757 1056 καὶ
783 1019 866 1064 τοῖς
893 1012 1021 1066 ἡδέως
1053 1012 1252 1068 ψέγουσιν
1277 1013 1509 1055 ἀποκλεῖσαι
1535 1014 1581 1054 τὰ

196 1083 382 1136 στόματα.
404 1084 442 1123 6.
457 1082 533 1137 ἐγὼ
560 1081 632 1135 μὲν
652 1077 744 1134 οὖν,
763 1077 813 1123 οὗ
832 1081 973 1133 κύριος
993 1080 1141 1133 μόνον,
1161 1081 1404 1135 συνεύχομαι
1417 1089 1582 1122 τοιαῦτα

197 1150 418 1206 Παρθενίῳ
449 1149 705 1202 προσήκοντά
730 1164 773 1204 γε
799 1146 964 1189 ἄνωθεν
990 1147 1071 1188 ἀπὸ
1096 1149 1309 1202 προγόνων
1341 1148 1457 1205 αὐτῷ,
1483 1144 1578 1201 παρ’

197 1213 257 1265 οἷς
283 1215 326 1257 δὲ
351 1216 395 1257 τὸ
414 1216 614 1271 πράττειν,
635 1217 788 1257 τούτων
814 1214 865 1255 ἂν
891 1215 954 1268 εἴη
980 1221 1148 1268 ποιῆσαι
1174 1215 1247 1267 τὴν
1273 1214 1396 1269 εὐχὴν
1422 1215 1549 1270 ἔργον.

852 1367 923 1423 ογ’.
1534 1375 1582 1409 W

707 1455 941 1511 Εὐσεβίῳ.
976 1459 1082 1501 (359)

261 1544 297 1580 1.
328 1543 500 1582 Μᾶλλον
525 1539 552 1594 ἢ
578 1541 773 1596 πρότερον
799 1539 992 1594 ἐκμαθὼν
1020 1538 1256 1594 Παρθένιον
1282 1537 1403 1579 πλέον
1430 1537 1457 1592 ἢ
1483 1539 1580 1591 πρό-

196 1622 310 1659 τερον
335 1606 497 1661 ἀγαπῶ·
534 1608 618 1650 τότε
654 1606 727 1661 μὲν
761 1607 837 1662 γὰρ
872 1606 927 1657 ὡς
961 1606 1013 1647 ἂν
1048 1606 1216 1658 πολίτην
1251 1604 1320 1646 καὶ
1355 1606 1479 1658 φίλου
1515 1621 1581 1658 μοι

197 1680 383 1728 συγγενῆ,
409 1680 486 1715 νῦν
513 1673 555 1715 δὲ
582 1675 625 1716 ἕν
650 1691 772 1716 τινων
790 1674 962 1724 ἐξετάσει
980 1673 1224 1729 πραγμάτων
1243 1673 1435 1725 τοιαύτην
1461 1671 1582 1721 ἕδειξέ

272 1808 315 1840 15
349 1805 402 1845 VJ
418 1804 468 1849 α’,
496 1803 566 1841 τπδ’.
602 1806 655 1842 Vo
680 1805 732 1850 α’,
759 1807 823 1841 vo.
852 1805 882 1840 S
904 1801 952 1849 δ’,
972 1807 1020 1849 ιῆ.
1058 1804 1104 1839 Vi
1129 1802 1224 1849 σμβ’.
1251 1802 1310 1839 Bc
1333 1805 1376 1838 θ.
1403 1813 1449 1848 pr

266 1908 283 1938 1
312 1903 360 1938 cf.
380 1905 407 1938 t.
428 1902 445 1937 1
474 1906 554 1947 140,
575 1907 607 1938 2.
635 1913 692 1948 ep.
714 1905 771 1938 33.
806 1900 925 1938 Seeck
955 1904 1023 1937 140
1104 1904 1148 1935 16
1175 1899 1322 1936 Sievers
1348 1903 1395 1936 84
1421 1899 1499 1935 not.
1521 1903 1579 1935 85.

198 1950 317 1987 Seeck
339 1956 418 1987 141.
447 1953 528 1987 358.
556 1950 727 1987 Silomon
754 1954 810 1987 30.
872 1954 915 1986 17
944 1949 991 1986 cf.
1013 1961 1070 1995 ep.
1093 1951 1139 1985 70
1198 1952 1241 1985 18
1268 1947 1426 1984 Eusebii
1453 1947 1500 1984 cf.
1522 1959 1579 1993 op.

198 2003 331 2043 '1252
410 2003 454 2035 19
482 1999 527 2036 of.
549 2011 609 2045 ep.
632 2003 764 2043 72ξ4

273 2102 287 2132 1
318 2096 366 2143 δὴ
394 2104 482 2142 post
506 2097 626 2144 τούτῳ
662 2097 760 2133 Vind
787 2095 896 2132 Wolf
966 2099 987 2131 2
1007 2097 1103 2132 τῶδε
1130 2096 1186 2131 Bc
1212 2094 1278 2130 ned
1304 2100 1333 2130 ὥ
1359 2094 1400 2129 in
1419 2105 1480 2130 ras
1500 2092 1579 2140 m²1

197 2144 289 2192 ἔστι]
316 2110 374 2182 ὅτι
391 2145 492 2182 Vind
511 2134 620 2181 Wolf
636 2144 731 2182 Ceut
774 2144 868 2181 ἀλλὰ
888 2145 929 2181 D
951 2145 957 2191 Ι
979 2141 1021 2180 δε
1043 2155 1105 2180 om
1125 2143 1166 2179 D
1247 2146 1268 2180 3
1293 2148 1370 2179 τῶν
1395 2153 1457 2179 om
1478 2143 1513 2178 V
1531 2144 1536 2189 Ι
1560 2141 1581 2178 ὁ

196 2193 307 2249 ἀνὴρ,
332 2192 449 2230 παντί
474 2206 549 2230 που
575 2194 691 2241 δῆλον
716 2195 803 2239 post
827 2193 932 2238 ἄξιος
959 2192 1060 2229 Vind
1079 2191 1191 2228 Wolf
1213 2191 1308 2228 Geni:
1335 2193 1340 2238 Ι
1365 2189 1405 2233 ὅς
1431 2192 1488 2228 Be
1513 2191 1579 2227 sed

197 2255 218 2277 ο
244 2241 285 2277 in
303 2252 365 2280 ras
384 2241 443 2277 ιη’
468 2241 519 2284 ὥς
530 2242 637 2278 Wolf
683 2246 705 2277 4
721 2242 910 2303 ἐμβάλη
884 2242 931 2278 Vi
952 2245 958 2284 Ι
981 2239 1096 2303 φίλου
1110 2241 1167 2276 Be
1189 2242 1195 2287 Ι
1216 2239 1505 2287 ἁμαρτάνοντος
1525 2240 1582 2276 Be

196 2289 407 2337 ἁμαρτόντι
432 2290 472 2326 D
542 2294 563 2326 6
591 2288 629 2328 δ’
660 2292 707 2327 Vi
769 2292 844 2326 6δι
889 2289 914 2326 ἃ
948 2290 1001 2326 Vo
1023 2292 1029 2332 Ι
1052 2287 1121 2325 οὖν
1157 2290 1207 2326 Vo
1233 2288 1299 2325 sed
1327 2293 1422 2324 νοῦν
1449 2299 1581 2334 supra-

198 2350 259 2374 scr
283 2339 341 2374 m⁴
362 2339 402 2385 Ι
391 2345 533 2380 ικανῶς
554 2340 599 2375 Vi
621 2341 626 2385 Ι
650 2345 787 2386 φυγεῖν
807 2339 853 2374 Vi
904 2342 922 2374 ‘1
938 2337 1070 2385 χαρίεν
1095 2337 1205 2374 Wolf
1222 2337 1269 2373 ef.
1290 2349 1348 2384 ep.
1372 2341 1429 2373 79.
1456 2340 1524 2373 491
1553 2338 1579 2372 t

197 2386 248 2422 VI
274 2390 357 2432 600,
379 2391 440 2431 165
475 2387 562 2424 VIII
580 2391 664 2432 482,
681 2392 724 2424 15
772 2389 777 2435 Ι
824 2387 890 2424 τὸν
926 2388 1017 2423 ante
1059 2386 1240 2433 σύλλογον
1266 2387 1306 2423 D
1390 2389 1412 2422 8
1448 2387 1581 2432 μελετᾶ

197 2436 255 2472 Be
280 2435 348 2472 sed
374 2441 399 2471 ἅ
424 2435 466 2471 in
490 2446 552 2472 ras
577 2436 635 2472 ιιι*
672 2438 828 2483 μελετᾶν
862 2436 908 2472 Vi
947 2437 953 2480 Ι
992 2435 1112 2472 τούτω
1140 2435 1195 2471 Be
1217 2434 1288 2482 qed
1314 2448 1343 2470 ω
1370 2434 1410 2470 in
1437 2444 1498 2469 ras
1525 2434 1582 2468 m'

197 2495 288 2519 num
314 2484 458 2521 τούτων
485 2484 751 2521 scribendum?
847 2487 892 2519 10
918 2483 1050 2521 πόλεσι
1075 2484 1132 2519 Be
1206 2487 1251 2519 12
1277 2480 1323 2520 οὗ
1357 2483 1413 2520 Vo
1441 2483 1508 2518 sed
1535 2493 1581 2518 ex

198 2532 244 2568 οὔ
270 2543 353 2569 corr
378 2533 435 2568 m⁴
513 2537 556 2569 14
583 2533 626 2571 δὲ
658 2534 711 2571 Vo
738 2533 803 2569 ned
830 2543 851 2569 e
877 2533 941 2568 καὶ
968 2543 1051 2568 corr
1070 2532 1126 2567 m⁴
1149 2534 1156 2578 Ι
1178 2531 1255 2568 ἔστι
1281 2532 1373 2577 (ἐστι
1406 2531 1473 2575 Vi)
1493 2531 1582 2576 post

1621 625 1637 651 5

1602 959 1637 985 m

1610 1380 1653 1412 ‘11

1604 1470 1636 1495 1⁶
