1806 2964
642 231 913 268 EPISTULAE
938 235 1130 268 δοῦ-599
1481 230 1568 273 557

826 342 938 398 φαη’·
1495 351 1544 387 W
1571 357 1639 389 513

702 430 906 487 Ἀλκίμῳ.
943 438 1049 482 (357)

258 518 295 556 1.
312 510 419 564 εἘως
444 512 496 554 ἂν
521 505 570 572 ᾗς
595 513 663 554 καὶ
689 514 792 572 σώζῃ
819 520 865 570 τῇ
893 514 1091 571 Βιθυνίᾳ,
1122 512 1190 554 καὶ
1215 509 1269 554 δι’
1293 512 1454 566 ἀνδρῶν
1488 513 1567 554 ἔστι

194 585 248 638 τῷ
273 580 386 623 ἔθνει
411 587 545 621 νικᾶν·
574 580 622 622 οὗ
641 579 716 634 γὰρ
743 578 794 620 ἂν
819 578 929 621 ἄλλοι
948 595 991 635 γε
1018 581 1187 630 δείξειαν
1211 578 1345 634 ἕτερον
1362 576 1566 632 Ἄλκιμον.

197 650 237 688 2.
262 651 346 696 τοῖς
370 645 412 688 δὲ
446 645 538 702 περὶ
569 652 647 687 τῶν
679 644 835 701 ἅρκτων
865 646 1093 700 γράμμασιν
1127 644 1270 700 ἑορτὴν
1301 644 1492 699 ἐποίησας
1518 651 1564 703 τῇ
1606 661 1621 686 5

189 714 315 755 πόλει.
348 714 496 768 μεγάλα
531 711 605 767 γὰρ
637 711 852 761 ἀκούοντες
883 711 1063 752 ἀπιστεῖν
1093 710 1169 752 οὐκ
1199 707 1306 765 εἶχον
1331 718 1405 752 σοῦ
1431 713 1566 766 λέγον-

194 795 275 832 τος,
299 775 384 820 ἀλλ’
407 778 526 834 ἐγγύς
560 795 596 819 τι
627 778 943 831 καθειστήκεσαν
974 784 1046 819 τοῦ
1078 776 1187 832 ὁρᾶν.
1225 776 1402 833 ἡγοῦμαι
1434 776 1567 819 δὲ·σοὶ

192 844 263 894 τὰς
286 846 502 900 παρδάλεις
527 844 654 898 ἥκει-ν,
679 842 801 897 ἡνίκα
826 844 927 899 πρὸς
951 842 1057 897 ἡμᾶς
1077 844 1124 884 τὰ
1143 843 1232 897 περὶ
1251 843 1415 885 ἐκείνων
1439 844 1565 899 γράμ-

188 926 305 964 ματα.
336 911 459 952 πάλαι
483 910 558 966 γὰρ
585 911 635 964 δὴ
655 909 820 951 πλέουσι
838 911 920 962 καί,
946 909 1000 959 ὡς
1019 910 1188 959 εἰκάζειν
1207 909 1327 963 ἔστιν,
1346 910 1564 964 ἐχρήσαντο

189 981 288 1034 πλῷ.
322 980 360 1019 3.
386 976 626 1031 τερπόμενος
652 976 702 1030 δὴ
729 980 812 1025 τοῖς
836 975 1003 1018 ἐνθένδε
1028 975 1142 1030 τέρπε
1167 980 1250 1025 τοῖς
1274 975 1431 1017 ἐκεῖθεν
1458 974 1563 1030 ἡμᾶς
1586 991 1619 1017 ιο

185 1042 440 1097 ,μεμνημένος
465 1043 524 1084 ὅτι
556 1049 634 1084 τῶν
661 1042 863 1097 προτέρων
897 1043 943 1083 αῖ
973 1049 1047 1083 νῦν
1078 1041 1334 1096 κυνηγέταις,
1367 1041 1420 1092 ὡς
1447 1040 1468 1083 ὅ
1495 1043 1564 1092 σὸς

187 1109 320 1164 λόγος,
343 1109 617 1164 χαλεπώτεραι.

815 1189 933 1245 φαθῖ
1490 1201 1541 1236 W
1566 1204 1637 1236 514

672 1270 926 1334 Ἰουλιανῷ.
961 1288 1067 1331 (357)

253 1366 291 1403 1.
308 1355 387 1403 Ὧν
412 1362 588 1416 ε’δεήθης
613 1362 713 1416 ἔχων
738 1360 764 1402 ἃ
789 1362 932 1403 δώσειν
957 1361 1060 1416 ἔφης
1086 1361 1296 1404 ἀπόστελλε
1315 1361 1382 1403 καὶ
1401 1362 1562 1416 χαρίζου
1584 1374 1618 1402 15

186 1436 236 1486 τῇ
271 1429 432 1484 πατρίδι
470 1432 551 1478 τοῖς
595 1427 820 1483 ἐρχομένοις
860 1428 905 1470 ἐκ
949 1435 1021 1482 τῆς
1061 1429 1252 1506 πατρίδος
1289 1427 1562 1508 κεχαρισμένα.

484 1490 733 1509 ’’’’’

190 1559 428 1615 ἐργάζεσθαι
465 1559 533 1601 καὶ
575 1556 679 1601 εἶναι
715 1561 909 1609 τοσαύτας
953 1560 1050 1601 ὥστε
1087 1559 1154 1601 καὶ
1197 1559 1412 1613 ἐκπέμπειν
1449 1559 1563 1614 ἔχειν.

261 1692 280 1724 1
314 1687 365 1724 Vt
387 1687 433 1733 γ’,
459 1687 550 1724 σπέ.
585 1688 639 1724 Va
666 1687 712 1731 ς’,
740 1687 810 1733 ρδ’.
846 1689 895 1724 Vo
922 1687 970 1728 ς’,
997 1687 1052 1732 ρδ’
1144 1692 1188 1723 13
1223 1688 1272 1724 V!
1294 1687 1340 1733 y'‚
1368 1687 1464 1728 υπς’.
1506 1688 1562 1724 Va

188 1735 237 1781 ς’,
264 1735 328 1780 (ιε’.
361 1736 414 1773 Vo
440 1735 486 1779 ς’,
514 1735 566 1781 ρε’

262 1847 284 1879 2
310 1843 356 1880 cf.
379 1855 436 1890 ep.
459 1846 540 1880 588.
580 1843 726 1879 Sievers
751 1847 797 1879 84
823 1845 900 1879 not.
922 1847 979 1879 81.
1020 1842 1139 1879 Seeck
1164 1847 1221 1879 52.
1243 1847 1312 1879 337
1414 1846 1434 1879 ‘1
1462 1842 1559 1879 Plat.

185 1891 330 1928 Phaed.
349 1904 385 1938 p.
406 1892 496 1927 65A
571 1895 615 1927 10
642 1892 688 1928 ef.
711 1902 768 1938 ep.
791 1895 872 1928 688.
894 1895 964 1928 599
1055 1895 1097 1927 11
1126 1891 1173 1927 cf.
1194 1903 1252 1938 ep.
1275 1894 1345 1927 544
1442 1895 1485 1927 14
1512 1892 1558 1927 cf.

186 1951 249 1986 ep.
270 1943 351 1975 598.
378 1939 523 1976 Sievers
549 1943 595 1976 84
621 1942 699 1976 not.
720 1943 776 1975 81.
805 1939 925 1976 Seeck
953 1943 1033 1976 190.
1056 1943 1125 1975 337

260 2051 281 2083 3
308 2047 418 2094 σώιζη
444 2048 481 2084 V
512 2048 618 2091 σώζει
646 2049 700 2084 Va
721 2049 727 2092 Ι
758 2048 858 2085 ἐστιν
885 2048 941 2085 Va
1015 2050 1036 2082 5
1062 2047 1148 2092 περὶ
1173 2053 1247 2084 τῶν
1273 2047 1423 2092 ἄρκτων
1448 2047 1561 2093 suppl

195 2095 269 2132 Va⁸
361 2099 380 2130 ’1
406 2109 443 2132 τι
467 2095 602 2142 scripsi
622 2107 642 2131 e
666 2096 754 2133 VVo
779 2096 853 2132 coll
878 2095 1068 2132 Plat.1.1.
1106 2093 1142 2130 τί
1168 2096 1224 2131 Va
1262 2108 1301 2131 τε
1327 2094 1436 2131 Wolf
1457 2095 1560 2140 quod

189 2143 405 2188 „delendum
430 2148 499 2180 aut
515 2145 645 2189 potius
665 2144 813 2190 ἔγγιστα
838 2144 1051 2191 leqendum“
1080 2143 1226 2179 censuit
1250 2142 1306 2179 Re
1363 2145 1369 2182 Ι
1429 2147 1561 2180 καθει-

185 2191 387 2247 στήκεισαν
411 2191 501 2227 libri
520 2192 588 2227 sed
614 2158 704 2238 a(2)y
706 2202 788 2227 eras
816 2191 858 2236 V,
887 2191 993 2227 Wolf
1058 2194 1079 2226 9
1099 2190 1276 2227 πλέουσιν
1294 2192 1349 2227 Va
1359 2192 1412 2228 Vo
1432 2191 1541 2227 Wolf
1551 2191 1557 2237 Ι

186 2238 254 2276 καί
279 2239 320 2275 in
343 2249 405 2276 ras
433 2244 451 2275 1
478 2239 544 2275 litt
567 2241 626 2286 (ut
650 2239 800 2275 videtur
819 2253 841 2275 ν
861 2239 963 2276 vocis
983 2239 1258 2285 antecedentis)
1289 2239 1342 2274 V⁶
1401 2243 1445 2274 10
1464 2240 1558 2287 πλῷ]

184 2287 372 2334 „subaudi
383 2288 498 2335 δεξιῷ
517 2288 573 2324 vel
592 2287 708 2336 οὐρίῳ
726 2288 783 2324 vel
800 2289 920 2324 simile
940 2287 1044 2333 quid,
1063 2287 1142 2324 nisi
1148 2288 1281 2333 potius
1294 2287 1367 2323 tale
1385 2288 1478 2333 quid
1497 2299 1560 2323 ex-

184 2335 340 2372 ciderit⁴⁴
367 2335 423 2371 Re
449 2324 492 2371 a}
523 2335 570 2372 cf.
591 2325 747 2372 Aristid.
768 2346 821 2371 or.
841 2335 962 2371 XXVI
982 2336 1009 2370 t.
1029 2335 1047 2370 Ι
1066 2339 1149 2378 512
1163 2338 1185 2370 2
1205 2334 1318 2371 Dind.
1340 2334 1436 2371 Plut.
1457 2334 1559 2371 Cam.

186 2387 222 2427 4,
235 2386 258 2418 4
281 2385 287 2430 Ι
309 2382 351 2419 δὲ
377 2382 487 2419 Wolf
558 2388 600 2420 11
628 2382 852 2429 κυνηγέταις
877 2385 912 2420 V
940 2383 1008 2419 sed
1025 2381 1142 2466 έέταις
1173 2383 1214 2418 in
1239 2393 1302 2418 ras
1335 2384 1412 2428 (αις
1445 2393 1491 2418 ex
1516 2397 1562 2424 ας

187 2458 284 2501 corr)
309 2454 365 2490 m⁵
439 2458 483 2491 16
503 2454 771 2502 κεχαρισμένος
787 2454 820 2491 V
862 2443 1052 2502 κεχαρισμ.
1081 2455 1136 2491 Va
1211 2458 1255 2489 17
1277 2454 1504 2500 θαυμαστὰς
1530 2456 1565 2491 V

184 2503 254 2539 ned
278 2503 306 2538 ἁ
329 2513 445 2549 supra
471 2514 512 2539 στ
537 2503 594 2538 m⁸
