1806 2964
272 219 360 262 438
862 214 1048 251 LIBANH

200 338 249 374 W
277 342 369 374 1244
906 325 1010 381 υμγ’.

757 399 991 456 Εὐσεβίῳ.
1042 409 1148 451 (355)

338 489 376 525 1.
404 485 459 525 Εἰ
477 483 549 537 μὲν
570 490 714 538 μικροῦ
738 498 809 524 του
833 482 1068 535 ἐπεθύμουν
1093 488 1175 523 σῶν
1199 482 1453 536 γραμμάτων,
1471 480 1641 536 ἐγχειρή-

276 564 348 600 σας
367 550 431 603 ἅν,
451 547 534 591 εἶτα
553 550 603 591 οὗ
622 548 752 603 τυχὼν
772 547 900 597 εὐθὺς
918 547 1171 600 ἐπεπαύμην·
1199 554 1274 588 νῦν
1294 545 1337 588 δὲ
1362 545 1436 587 ἀεὶ
1459 545 1514 586 τὰ
1538 545 1641 587 δεύ-

240 631 258 659 ι
276 632 385 671 τερα
410 623 501 657 τῶν
525 614 770 670 προτέρων
794 613 973 667 ἀμείνω
1005 612 1072 654 διὰ
1096 619 1167 666 τῆς
1191 612 1331 666 φήμης
1355 611 1552 666 σπείρεται
1574 609 1643 651 καὶ

276 682 346 723 τὸν
370 681 507 723 πόθον
526 679 624 734 ἡμῖν
643 687 760 722 τοῦτο
779 679 929 734 ἐγείρει.
956 682 994 719 2.
1014 678 1111 720 ἔστω
1136 673 1212 719 οὖν
1236 677 1303 719 καὶ
1321 683 1437 718 τοῦτο
1462 682 1541 717 τῶν
1560 682 1642 717 σῶν

278 750 412 788 καλῶν
437 747 485 796 τὸ,
506 746 560 799 μὴ
587 749 763 798 φθονεῖν
786 745 1041 800 γραμμάτων.
1078 743 1145 785 καὶ
1169 743 1244 798 γὰρ
1268 742 1419 784 ἄτοπον
1444 740 1545 799 ἔργῳ
1570 739 1644 794 μὲν

278 811 462 866 ὠφελεῖν,
488 812 590 869 λόγῳ
616 810 658 853 δὲ
684 811 915 866 εὐφραίνειν
941 808 1085 852 ὀκνεῖν.

206 939 256 974 w
283 943 375 976 1245
910 927 1014 982 υμδ’.

226 1031 260 1058 ιο
745 1011 1017 1071 Ἀγησιλάῳ.
1070 1023 1178 1067 (355)

347 1101 401 1141 Οἵ
431 1099 613 1155 πρέσβεις
649 1099 731 1140 οἵδε
767 1105 838 1152 τῆς
870 1097 1020 1147 πόλεως
1052 1095 1150 1151 ἡμῖν
1184 1097 1231 1137 τὰ
1263 1102 1398 1150 πρῶτα
1423 1074 1573 1150 ιγένους
1605 1109 1647 1136 τε

281 1165 396 1207 ἕνεκα
420 1165 488 1207 καὶ
513 1165 693 1220 τρόπων,
716 1163 793 1205 εἰσὶ
818 1162 861 1205 δὲ
886 1163 953 1204 καὶ
976 1170 1056 1204 τῶν
1081 1162 1244 1205 εἰδότων
1268 1160 1323 1211 ὥς
1348 1160 1369 1202 ὁ
1395 1161 1464 1211 σὸς
1481 1161 1570 1210 υῶς
1595 1160 1647 1202 οὗ

282 1230 383 1273 κατὰ
408 1231 502 1280 τοὺς
527 1231 701 1279 πολλοὺς
726 1229 771 1271 ἐν
794 1230 938 1283 λόγοις.
987 1224 1081 1270 ὥστ’
1108 1227 1233 1277 ἔξεστί
1254 1239 1318 1268 σοι
1342 1227 1410 1268 καὶ
1433 1225 1523 1282 περὶ
1546 1225 1646 1268 ἐκεί-

286 1312 361 1338 νου
387 1313 422 1338 τι
447 1295 656 1338 πυθέσθαι
681 1294 749 1336 καὶ
773 1294 862 1350 περὶ
887 1293 1002 1347 ἡμῶν
1027 1294 1207 1335 ἀκοῦσαι.

209 1423 259 1459 W
286 1427 379 1460 1846
920 1412 1016 1467 υμε’.

233 1515 267 1542 ιο
714 1495 1058 1555 Ἀρισταινέτῳ.
1109 1508 1215 1550 (355)

349 1587 385 1625 1.
428 1582 560 1624 Οὐδέν
585 1595 627 1624 σε
653 1582 856 1623 διδάσκειν
881 1582 946 1623 δεῖ
963 1580 1054 1635 περὶ
1077 1587 1156 1622 τῶν
1179 1580 1399 1634 πρέσβεων·
1425 1578 1548 1633 ἄμφω
1572 1579 1650 1634 γὰρ

285 1645 429 1702 οἶσθα,
453 1648 523 1690 τὸν
549 1647 635 1701 μέν,
667 1645 788 1699 ἡνίκα
813 1646 880 1688 διὰ
903 1653 974 1700 τῆς
999 1645 1187 1700 ὑμετέρας
1210 1645 1378 1700 ἤλαυνε,
1402 1645 1473 1688 τὸν
1498 1644 1562 1698 δέ,
1587 1644 1649 1687 ὅτε

286 1713 374 1769 ἄχρι
398 1721 469 1767 τῆς
493 1712 682 1767 ὑμετέρας
707 1707 844 1766 ἦλθεν.
879 1716 917 1753 2.
942 1707 1027 1753 ἀλλ’
1050 1711 1158 1765 ὅμως
1181 1711 1308 1753 ἐκεῖνο
1332 1711 1557 1767 προσθείην
1579 1709 1650 1752 ἄν·

233 1789 270 1817 ιο
288 1780 338 1821 οὐ
363 1779 506 1835 μικρόν
530 1792 594 1820 σοι
619 1779 777 1820 δίκαιον
800 1778 900 1833 πρὸς
924 1777 1090 1827 αὐτούς·
1117 1781 1211 1826 παῖς
1234 1777 1340 1818 ἔστιν
1357 1775 1526 1835 ἐκατέρῳ
1550 1772 1646 1831 παρ’

286 1843 386 1899 ἡμῖν
410 1845 591 1899 ἑκάτερος
616 1844 847 1899 εὐφραίνων
871 1843 1036 1885 ἐλπίσιν.

363 1953 382 1985 1
419 1950 511 1995 Vly
562 1947 640 1995 ρλγ’
644 1948 743 1984 .Va
768 1946 809 1990 ε’,
835 1946 866 1991 ξ’
941 1950 962 1981 9
998 1947 1045 1982 V!
1067 1946 1114 1992 γ’,
1140 1945 1230 1992 ρλδ’.
1264 1947 1320 1983 Va
1344 1945 1386 1991 ε’,
1411 1946 1467 1990 ξα’
1533 1950 1577 1981 18
1604 1945 1655 1982 V!

289 1993 336 2043 ν’,
360 1995 434 2041 02⁸¹
459 1962 651 2043 (=9g²‘²'')·⁶
679 1995 736 2032 Va
759 1995 815 2043 ξβ

364 2096 385 2127 2
412 2091 530 2128 Seeck
559 2095 639 2127 141.
666 2094 736 2127 822
846 2094 869 2126 4
895 2090 1095 2127 Salzmmn
1120 2093 1167 2126 64
1260 2092 1304 2125 10
1323 2088 1370 2125 cf.
1391 2099 1450 2135 ep.
1470 2091 1648 2125 448448.

288 2142 371 2176 448.
397 2139 516 2175 Seeck
541 2142 598 2175 80.
625 2141 695 2174 322
784 2142 827 2174 16
853 2137 901 2174 cf.
921 2148 980 2184 ep.
1000 2141 1082 2174 444.
1109 2136 1230 2174 Seeck
1254 2140 1312 2173 88.
1338 2140 1407 2173 822

364 2239 386 2270 8
410 2240 477 2271 τοῦ
504 2235 560 2270 Va
580 2235 587 2281 Ι
608 2234 727 2271 ἐπιθυ
786 2247 808 2269 ν
834 2235 922 2269 ante
948 2239 1023 2270 σῶν
1048 2232 1233 2270 excidisse
1258 2232 1344 2268 coni
1367 2232 1424 2268 Re
1457 2233 1463 2277 Ι
1496 2236 1571 2268 σω
1593 2241 1652 2268 te-

319 2281 581 2318 oeuielibrin
617 2287 686 2318 σοῦ
761 2280 820 2318 olf
864 2279 1104 2318 4ἂνῩοοᾱ
1152 2279 1356 2316 ἰιιηιιιι·
1430 2279 1656 2326 Ἷμὲνροή

319 2342 438 2367 tenor
464 2329 572 2366 Wolf
606 2329 730 2365 delevi
814 2332 857 2365 12
884 2327 996 2366 ἕνεκα
1027 2328 1163 2375 scripsi
1191 2327 1275 2365 coll.
1306 2338 1367 2374 ep.
1386 2330 1432 2364 98
1457 2339 1494 2374 p.
1515 2330 1574 2371 ⁹4,
1589 2330 1652 2371 18ς

291 2375 1237 2420 555.·141.1807.14⁸1.1448.1482.1500;t.v
1255 2379 1338 2421 884,
1351 2378 1373 2411 8
1404 2373 1545 2412 οὕνεκα
1561 2373 1652 2411 libri

292 2423 401 2462 Wolf
421 2424 470 2461 cf.
490 2425 540 2460 ad
564 2436 622 2471 ep.
643 2427 714 2461 220
738 2436 776 2471 p.
796 2427 879 2468 208,
888 2428 930 2469 8,
954 2426 994 2460 et
1011 2425 1039 2461 8.
1059 2423 1128 2459 VH
1147 2427 1228 2467 442,
1243 2426 1287 2459 21
1307 2423 1348 2459 et
1359 2425 1442 2468 431,
1456 2425 1501 2458 18
1551 2425 1597 2458 14
1615 2420 1654 2458 el

300 2473 336 2509 V
405 2476 450 2509 19
475 2472 583 2509 colon
608 2471 719 2519 posui
763 2482 909 2508 comm:
933 2471 1022 2508 libri
1046 2470 1156 2508 Wolf
