1806 2964
632 240 901 277 BHSTULAE
927 244 1120 277 452-455
1474 238 1561 282 443

186 367 305 409 κτησε
330 353 592 409 Στρατηγιος,
617 349 708 394 ὥστ’
734 353 782 395 οὐ
808 354 966 395 πώποτε
991 356 1227 406 τηλικοῦτον
1251 351 1456 406 ἀνεβόησε.
1495 350 1563 391 καὶ

188 421 241 475 δὴ
266 420 331 462 καὶ
358 426 482 462 ταῦτα
507 417 607 473 ἡμῖν
630 417 782 460 εὔνουν
801 419 871 460 τὸν
889 418 1020 474 ἄνδρα
1037 422 1159 460 ποιεῖ·
1185 419 1257 461 τὸν
1274 418 1349 473 γὰρ
1369 415 1440 459 ὑπ’
1463 416 1563 458 ἐκεί-

187 502 266 529 νου
284 486 529 541 μισούμενον
548 485 671 527 οἴεται
690 485 909 540 προσήκειν
926 480 972 526 εὖ
991 485 1156 538 πάσχειν
1175 480 1250 538 ὑφ’
1267 484 1423 526 ἑαυτοῦ.
1456 487 1495 525 4.
1515 485 1563 524 τὰ

188 550 234 595 d}
263 551 354 608 περὶ
384 551 479 601 τοὺς
510 550 629 600 νέους
659 551 707 592 τὰ
739 549 812 604 μὲν
842 549 941 592 ἅλλα
972 544 999 608 ᾗ
1034 551 1111 606 πρὸ
1143 558 1234 604 τοῦ,
1261 548 1427 600 Ἰούλιος
1466 549 1509 591 δὲ
1541 548 1564 591 ὅ

188 617 484 674 γραμματιστὴς
520 616 601 658 ὑπὸ
640 618 771 670 λύπης
804 617 967 671 οἴχεται,
998 617 1066 658 καὶ
1096 617 1220 671 γνοὺς
1251 616 1475 669 Εὐδαίμων
1506 614 1562 664 ὥς
1600 630 1616 657 s

190 682 307 726 οὔπω
331 684 462 725 πάντα
487 682 594 741 αὐτῷ
618 679 760 740 ῥᾴδια,
784 683 1062 737 Σεβαστιανὸν
1086 684 1220 724 πείθει
1251 683 1455 736 δεηθῆναί
1483 697 1563 735 μου

189 751 324 804 νεῖμαί
345 765 383 791 τι
406 750 603 805 προνοίας
626 748 743 807 αὐτῷ.
785 752 824 790 5.
848 753 902 806 τῷ
926 747 969 790 δὲ
995 749 1194 806 Εὐβούλῳ
1220 749 1342 803 δῆλός
1366 764 1406 790 τε
1430 748 1563 803 ἐγενό-

189 831 273 869 μην
297 814 426 870 ἡδέως
451 814 504 857 ἂν
524 814 624 856 ἰδὼν
638 812 826 857 ’Λκάκιον
851 815 1001 857 ἐνθάδε
1026 814 1093 855 καὶ
1117 814 1331 868 ἐποιήσατο
1356 814 1447 869 περὶ
1471 814 1563 856 τού-

190 896 263 923 του
287 881 388 937 πρὸς
412 882 483 923 τὸν
502 880 675 936 ἄρχοντα
698 880 818 934 λόγον
842 882 1052 937 προσθείς,
1076 880 1132 930 ὡς
1150 880 1228 935 ἄρα
1253 881 1470 936 ἀρέσκοντά
1495 897 1563 933 μοι

190 952 313 989 ποιοῖ.
349 947 370 989 ὁ
396 945 439 988 δὲ
465 947 514 989 ού
541 947 646 1000 μάλα
670 947 884 1002 προσέσχεν
909 946 984 988 οὐκ
1009 946 1192 999 οἰόμενος
1217 949 1302 989 δεῖν
1327 946 1477 989 ἄκοντα
1502 946 1562 988 Sl·
1584 963 1618 988 ιο

193 1029 280 1055 κειν
304 1013 374 1056 τὸν
398 1012 636 1067 ἄνθρωπον,
667 1012 710 1054 ἐκ
742 1011 785 1054 δὲ
811 1014 1084 1066 Παλαιστίνης
1115 1012 1330 1069 ἀφιγμένοι
1354 1021 1434 1055 τῶν
1458 1030 1563 1069 γνω-

187 1079 317 1133 ρίμων
347 1078 451 1128 τινὲς
488 1077 650 1134 λέγουσί
683 1094 723 1120 τε
760 1077 815 1128 ὦς
845 1078 971 1121 αὐτοῦ
1003 1083 1119 1132 μενεῖ
1148 1080 1219 1120 καί
1246 1095 1336 1120 τινα
1372 1079 1563 1128 ἐπίδειξιν

190 1144 507 1200 ἀπαγγέλλουσιν
532 1144 608 1186 ούκ
632 1144 787 1199 εὐτυχῆ.
839 1147 878 1185 6.
905 1143 926 1185 ὁ
952 1144 995 1186 δὲ
1013 1142 1264 1199 Ἡρωδιανὸς
1293 1145 1472 1201 προσιὼν
1497 1144 1566 1198 ἐμέ

193 1227 232 1253 τε
257 1210 383 1253 αὑτοῦ
407 1215 579 1253 ποιεῖται
603 1211 745 1265 κύριον
769 1210 836 1252 καὶ
855 1207 921 1264 ἐφ’
945 1207 1005 1260 οἷς
1028 1211 1228 1266 Οὐράνιος
1253 1213 1325 1265 ζῆν
1344 1211 1461 1262 ἀξιοῖ.
1496 1211 1564 1253 καὶ

190 1277 319 1319 πολλὰ
342 1276 391 1318 τὰ
415 1283 490 1319 σοῦ
514 1275 722 1333 χρῄζοντα,
747 1276 794 1318 τὰ
820 1276 893 1331 μὲν
917 1276 1006 1331 ἕμά,
1030 1277 1079 1318 τὰ
1103 1276 1147 1319 δὲ
1172 1278 1299 1320 κοινά.
1585 1292 1619 1319 ι5

829 1433 924 1476 υνε’.
1468 1443 1517 1478 W
1544 1447 1637 1479 1193

667 1519 866 1575 Βακχίῳ.
917 1527 1086 1576 (355156)

259 1606 295 1643 1.
323 1600 471 1656 ’Ἁμφω
496 1603 712 1656 πείθομαι,
742 1602 810 1644 καὶ
841 1602 896 1652 ὡς
927 1603 1132 1659 ἔξεγράψω
1163 1604 1232 1645 καὶ
1256 1603 1312 1654 ὠς
1337 1605 1411 1646 οἴει
1435 1611 1566 1658 κτῆμα

194 1667 290 1718 τοὺς
313 1666 529 1722 ἡμετέρους
553 1664 661 1709 εἶναί
683 1680 747 1709 σοι
772 1670 1028 1722 φληνάφους.
1066 1669 1116 1710 σὺ
1141 1668 1215 1723 μὲν
1240 1665 1316 1711 οὖν
1340 1670 1455 1724 χάριν
1480 1667 1567 1727 φῂς

194 1732 297 1788 ἔχειν
329 1733 418 1786 ἐμοὶ
442 1740 514 1775 τοῦ
549 1740 671 1775 ταῦτα
705 1735 856 1788 λαβεῖν,
890 1733 966 1789 ἐγὼ
993 1733 1037 1776 δὲ
1072 1735 1121 1777 οὐ
1146 1736 1236 1776 λίαν
1262 1736 1335 1790 ἔχω
1361 1748 1425 1777 σοι
1449 1737 1565 1790 χάριν
1584 1751 1619 1778 2⁰

270 1841 315 1874 16
348 1838 401 1874 VI
420 1837 468 1884 γ’,
494 1837 574 1884 ρμε’
593 1839 654 1884 (=
676 1837 787 1885 t223).
822 1839 878 1875 Va
897 1837 939 1883 ε’,
959 1838 1028 1886 οβ’.
1056 1839 1086 1876 S
1102 1839 1149 1887 β’,
1169 1839 1213 1879 ς’.
1250 1841 1296 1876 Vs·
1320 1839 1420 1888 [οὸἼ.
1446 1841 1487 1877 D
1506 1840 1565 1887 vy'

272 1938 290 1969 1
320 1933 440 1970 Seeck
466 1937 537 1970 283
610 1938 633 1970 4
659 1934 779 1971 Seeck
807 1938 876 1971 193
951 1938 972 1971 5
999 1935 1119 1972 Seeck
1146 1939 1212 1972 131
1289 1940 1311 1972 6
1338 1936 1457 1972 Seeck
1482 1940 1551 1973 271

198 1984 220 2017 '1
246 1981 393 2018 Sievers
418 1984 501 2018 2⁴17.
527 1981 646 2019 Seeck
670 1986 716 2019 41
779 1986 802 2018 8
828 1982 948 2020 Seeck
973 1987 1018 2019 41
1096 1988 1140 2020 13
1160 1985 1206 2021 cf.
1227 1995 1287 2031 ep.
1308 1987 1390 2022 640.
1417 1984 1565 2021 Sievere

197 2032 269 2066 285
380 2034 426 2066 14
451 2029 499 2066 cf.
525 2041 583 2077 ep.
605 2033 675 2066 35⁷
787 2034 830 2067 17
857 2031 903 2068 cf.
924 2042 983 2078 ep.
1002 2035 1084 2068 424.
1119 2031 1264 2069 Sievers
1302 2036 1370 2068 11⁶
1401 2035 1480 2069 not.
1507 2037 1564 2069 69.

196 2077 317 2114 Seeck
342 2081 400 2114 93.
426 2080 497 2114 324
572 2081 616 2114 18
642 2078 690 2115 ef.
716 2079 765 2115 ad
789 2079 817 2114 t.
837 2078 889 2116 IV
909 2082 989 2124 100,
1010 2084 1030 2116 '1

273 2178 292 2210 1
318 2171 526 2257 &nggfflw
554 2175 610 2211 Va
682 2179 704 2211 4
729 2175 816 2221 περὶ
843 2176 879 2211 V
898 2175 966 2212 sed
985 2186 1006 2212 e
1031 2175 1138 2222 παρὰ
1162 2187 1247 2212 corr
1270 2177 1328 2212 ιιι·
1348 2178 1355 2223 Ι
1376 2173 1400 2226 ᾗ
1432 2177 1567 2224 scripsi

198 2222 357 2258 auctore
474 2219 498 2267 ἢ
523 2221 612 2258 libri
636 2222 745 2259 Wolf
831 2227 854 2259 6
879 2224 981 2272 αὐτῷ
1002 2224 1093 2260 libri
1118 2223 1224 2260 Wolf
1313 2228 1358 2261 10
1382 2231 1488 2263 ποιοῖ
1511 2226 1567 2262 Va

198 2268 308 2305 Wolf
341 2273 432 2315 „aut
455 2274 547 2318 ποιῇ
572 2274 642 2307 aut
663 2270 814 2318 ποιοίη“
843 2271 898 2307 Ro
979 2276 1024 2308 12
1049 2278 1155 2318 μενεῖ
1177 2271 1313 2319 scripsi
1346 2272 1452 2319 μένει
1475 2273 1567 2310 libri

198 2316 310 2353 Wolf
403 2321 449 2354 14
472 2323 549 2354 τῶν
579 2319 668 2354 ante
699 2319 816 2356 αὑτοῦ
850 2319 953 2356 inser
978 2321 1027 2357 V⁴
1052 2321 1098 2356 cf.
1125 2330 1184 2366 ep.
1205 2323 1276 2356 478
1322 2322 1328 2367 Ι
1377 2322 1569 2367 Οὐράνιος

198 2364 337 2412 σοι-ἱροί
361 2376 448 2401 cum
472 2364 528 2402 Re
553 2365 737 2403 Sievereio
762 2371 833 2404 235
878 2367 1058 2413 οὐράνιος
1081 2367 1172 2404 libri
1196 2367 1305 2405 Wolf
1393 2373 1439 2406 16
1462 2369 1566 2417 χρήι-

199 2414 314 2456 ζοντα
338 2412 375 2449 V
431 2412 591 2459 ρήζοπα
617 2415 674 2451 Va
771 2418 816 2451 1⁷
842 2414 1006 2500 βαῖβείω
1033 2416 1080 2453 Vi
1175 2420 1218 2452 19
1246 2416 1322 2463 φὴς
1345 2415 1459 2464 χάριν
1485 2418 1533 2454 Vi
1558 2417 1565 2467 1

200 2460 393 2545 ἕὴςιίγίῥτί
469 2461 526 2497 olf
606 2465 654 2498 ²0
679 2462 779 2511 ἔχειν
803 2474 865 2500 om
921 2465 938 2500 i
1011 2467 1058 2500 20
1082 2469 1201 2500 ταῦτα
1229 2485 1274 2492 -
1298 2477 1336 2511 p.
1356 2469 1439 2511 444,
1455 2470 1474 2502 1
1500 2472 1568 2503 τοῦ

224 2520 264 2544 ιιι
319 2521 336 2546 ο
