1806 2964
610 217 882 256 EPISTULAE
910 221 1100 255 nso—331
1220 228 1222 230 ·
1456 216 1543 260 311

175 333 280 387 μνὸν
303 332 432 375 ἐδόκει
456 332 500 374 τὸ
527 332 648 373 δόντα
673 332 784 386 δῶρα
808 331 981 386 λαβόντα
999 329 1204 372 ἀπελθεῖν.
1238 333 1276 372 2.
1296 329 1385 384 ἐμοὶ
1411 327 1453 371 δὲ
1478 330 1546 372 καὶ

173 405 295 441 ταῦτα
315 397 388 453 μὲν
413 398 516 453 ἔχειν
539 397 628 439 τινὰ
653 398 768 452 χάριν
786 397 985 451 ἐφαίνετο,
1009 396 1219 438 κάλλιστον
1238 395 1282 438 δὲ
1299 396 1344 439 τὸ
1363 396 1546 445 δείξαντα

171 465 342 520 ῥήτορος
379 465 555 518 δύναμιν
592 463 636 505 έν
673 464 850 513 Σούσοις
895 462 1146 505 ἐπανελθεῖν.
1189 463 1320 504 καίτοι
1355 478 1398 517 γε
1434 461 1546 519 ᾥιιην

172 530 296 573 αὐτὸν
321 529 641 584 ἀποβεβληκέναι
664 528 775 571 τουτὶ
798 529 842 571 τὸ
868 528 1016 579 σθένος
1040 528 1170 570 πολὺν
1194 528 1275 583 ἤδη
1294 528 1441 585 χρόνον
1465 527 1545 569 ἀπὸ

169 603 248 639 τῶν
291 597 458 651 βιβλίων
492 594 830 651 μετενηνεγμένον
872 594 1032 650 ἄλλοσε,
1075 599 1128 651 τῷ
1160 591 1200 636 δ’
1242 594 1320 651 ἄρα
1362 593 1545 648 ἐνέμενεν
1582 609 1602 635 5

170 662 235 705 ἐπὶ
268 670 341 705 τοῦ
377 661 513 716 ’ἤθους
543 660 569 715 ἡ
605 662 796 715 δεινότης.
843 664 882 703 3.
915 660 969 712 ὡς
1002 661 1078 717 γὰρ
1113 661 1365 716 ἐχρημάτιζεν
1391 660 1413 703 ὁ
1440 660 1545 715 Πέρ-

171 741 247 784 σης
271 728 339 771 καὶ
364 727 386 770 ὁ
411 729 529 784 λόγος
560 724 612 782 ἧν
642 728 732 783 περὶ
763 734 843 770 τῶν
875 729 1084 782 διαφορῶν
1115 728 1183 770 καὶ
1220 727 1346 777 πολὺς
1376 726 1544 769 ἐνέκειτο

167 795 265 845 τοὺς
290 793 513 853 παππᾴους
539 794 720 836 ἀπαιτῶν
746 794 867 848 ὅρους
898 794 966 836 καὶ
1003 795 1194 844 πολλάκις
1225 794 1403 849 ἐρωτῶν,
1428 794 1466 835 εί
1489 792 1545 846 μὴ

169 862 327 903 δίκαιον
358 861 417 911 εἰς
448 862 542 911 τοὺς
572 861 721 911 παῖδας
757 860 805 902 τὰ
839 867 919 902 τῶν
950 860 1163 915 προγόνων
1191 861 1467 915 καταβαίνειν,
1497 859 1546 900 τὰ

167 926 241 982 μὲν
267 927 374 983 παρὰ
401 934 482 969 τῶν
512 926 643 968 ἄλλων
670 927 849 968 ἐνταῦθα
878 928 1132 981 παλαίσματα
1156 928 1386 976 Σπεκτᾶτος
1417 925 1544 981 ἀπαγ-
1565 940 1601 967 ιο

167 998 291 1050 γελεῖ,
321 1000 394 1035 τοῦ
417 993 585 1049 γέλωτος
610 991 663 1046 ἣν
694 989 779 1043 οἷός
807 1009 847 1035 τε
879 993 1039 1048 γένηται
1063 997 1238 1048 κρατεῖν·
1266 989 1327 1043 οἷς
1358 991 1401 1034 δὲ
1427 988 1545 1041 οὗτος

168 1060 372 1115 ἐχρήσατο,
396 1060 507 1102 πάνυ
531 1064 696 1114 γενναῖα
727 1059 796 1101 καὶ
821 1060 1047 1101 ὃιασείοντά
1071 1075 1114 1115 γε
1138 1060 1233 1109 τοὺς
1257 1060 1546 1114 εὐπροσώπους

167 1133 240 1168 τοῦ
261 1126 423 1181 Πέρσου
443 1126 598 1181 λόγους.
631 1128 671 1167 4.
696 1125 776 1179 ἔφη
800 1126 887 1181 γάρ·
914 1126 957 1167 εἰ
980 1124 1086 1180 μέν,
1113 1121 1144 1166 ὦ
1169 1127 1390 1180 βασιλεῦ,
1415 1127 1544 1166 Κων-

169 1193 392 1242 στάντιός
417 1205 508 1234 σου
533 1199 617 1246 τῆς
642 1199 730 1247 γῆς
754 1191 1100 1246 ἀποτέμνεται,
1124 1198 1217 1233 τῶν
1243 1191 1403 1232 ’ὅπλων
1422 1190 1546 1246 ἔχου,

169 1258 331 1314 μέχρις
368 1258 427 1300 ἂν
463 1259 658 1308 ἐκεῖνος
694 1265 782 1300 τοῦ
819 1262 1157 1314 πλεονεκτεῖν·
1192 1259 1234 1299 εἰ
1271 1254 1309 1299 δ’
1351 1254 1424 1307 οἷς
1459 1255 1544 1311 μὲν
1564 1272 1601 1298 15

167 1325 388 1380 ἐγκαλεῖς
425 1326 576 1366 πάλαι
611 1329 871 1379 τεθνᾶσιν,
908 1322 930 1366 ὅ
967 1323 1017 1366 δὲ
1054 1322 1166 1378 μεθ’
1206 1320 1270 1366 ὧν
1307 1324 1544 1377 εἰσῆλθεν

167 1392 236 1441 είς
259 1392 345 1434 τὸν
370 1391 601 1445 πόλεμον,
625 1398 775 1433 ταῦτα
800 1391 920 1446 ἔχων
944 1390 1255 1432 καταθέσθαι
1286 1390 1367 1432 τὸν
1398 1389 1544 1431 πόλε-

169 1474 259 1511 μον
295 1457 477 1511 ἐθέλει,
515 1458 684 1499 σκόπει
722 1457 785 1511 μὴ
824 1459 1111 1507 πλεονεξίαν
1150 1457 1362 1511 ἐγκαλῶν
1401 1455 1545 1504 αὐτὸς

242 1613 263 1646 7
289 1610 394 1647 Dem.
420 1609 518 1646 Phil.
537 1609 590 1646 IV
614 1622 651 1656 p.
674 1613 756 1654 150,
771 1613 816 1646 26
917 1614 962 1645 10
988 1610 1036 1648 cf.
1063 1620 1122 1655 ep.
1144 1612 1213 1645 383
1309 1613 1354 1645 13
1386 1608 1472 1644 Her.
1493 1608 1544 1644 IV

168 1662 225 1704 τι,
245 1662 266 1694 2
336 1662 380 1694 15
407 1658 454 1694 of.
481 1668 539 1704 ep.
560 1661 630 1694 338

243 1830 262 1862 1
289 1824 406 1863 δόντα
421 1827 456 1863 V
471 1826 538 1863 sed
557 1824 579 1863 ό
598 1826 640 1862 in
657 1837 720 1862 ras
740 1830 761 1862 3
781 1825 847 1862 litt
864 1825 921 1861 m⁶
942 1827 948 1873 Ι
971 1791 1092 1864 Mem
1110 1804 1219 1871 &503
1238 1825 1270 1863 S
1300 1826 1406 1869 δῶρα
1425 1823 1544 1861 δόντα

175 1874 223 1910 Vi
236 1874 337 1911 Vind
361 1874 481 1910 Lamb
506 1874 605 1911 Rich
678 1878 699 1910 2
725 1873 903 1911 κάλλιστα
930 1875 977 1911 Vi
1063 1878 1084 1910 3
1099 1874 1266 1919 δύναμιν
1292 1871 1451 1920 ῥ’ήτορος
1476 1873 1517 1909 D

170 1927 191 1958 5
218 1922 491 1969 μετηνεγμένον
518 1923 619 1960 Vina
639 1925 645 1968 Ι
668 1922 857 1969 ἐνέμεινεν
882 1923 924 1959 D
948 1922 1060 1959 Wolf
1124 1926 1145 1958 6
1174 1921 1297 1967 ἤθους
1324 1921 1440 1958 Vsed
1460 1935 1484 1968 η
1504 1921 1544 1956 in

168 1981 230 2006 ras
255 1971 313 2006 m‘
339 1972 344 2015 Ι
373 1970 423 2013 ὡς
438 1991 484 1998 -
507 1969 655 2018 Πέρσης
679 1970 899 2017 praemissis
926 1971 1050 2007 verbis
1076 1968 1291 2017 χρηματίζω
1315 1967 1359 2006 τὸ
1385 1969 1544 2017 ὑπάρχω

169 2018 234 2055 καὶ
259 2017 491 2065 διαλέγομαι,
519 2017 610 2064 ὅπερ
638 2018 700 2055 ἐπὶ
725 2017 974 2066 ὑπερέχοντος
999 2018 1154 2066 λέγεται.
1187 2018 1373 2066 Λιβάνιος
1396 2018 1438 2055 ἐν
1464 2019 1545 2054 ἐπι-

170 2068 279 2115 στολῇ
307 2066 591 2103 citat‘Thomas
617 2067 719 2114 Mag.
741 2079 769 2103 s,
789 2079 822 2104 v.
842 2066 1054 2114 χρηματίζω
1074 2080 1111 2114 p.
1132 2070 1222 2111 401,
1235 2070 1279 2102 12
1295 2066 1329 2101 R
1426 2069 1448 2102 8
1473 2078 1545 2102 πα-

169 2114 313 2164 τρῴους
338 2115 512 2151 ἀπαιτῶν
536 2115 602 2151 καὶ
621 2114 835 2163 παππῴους
853 2115 898 2152 Vi
921 2116 1082 2152 fortasse
1100 2116 1204 2152 recte
1226 2117 1232 2158 Ι
1255 2115 1432 2151 ἀπαιτεῖν
1447 2114 1545 2151 VVa

168 2162 279 2199 Wolf
294 2163 361 2199 sed
380 2175 464 2200 corr
482 2163 570 2199 Add
589 2166 658 2199 8⁶1
743 2168 787 2199 10
813 2163 1015 2210 ἀναγγελεῖ
1037 2165 1078 2200 D
1148 2167 1190 2199 11
1217 2159 1266 2210 ἦν
1293 2163 1330 2199 V
1349 2162 1417 2198 sed
1434 2164 1451 2173 ‘¹
1472 2161 1512 2197 in

169 2222 253 2247 corr
276 2211 345 2255 ω’,
370 2211 411 2247 D
508 2215 552 2247 12
579 2217 738 2258 γενναῖα
764 2222 784 2247 e
810 2211 1009 2258 γενναίους
1035 2223 1119 2248 corr
1143 2210 1210 2249 Vi*
1248 2212 1254 2258 Ι
1294 2210 1544 2256 εὐπροσώπου

178 2260 235 2296 Va
309 2262 354 2295 14
378 2264 446 2307 γῆς
465 2259 601 2306 scripsi
626 2270 647 2296 e
674 2260 711 2297 V
730 2259 798 2295 sed
822 2259 863 2296 in
882 2271 1003 2307 marg,
1028 2262 1073 2296 ut
1098 2259 1185 2296 coni
1210 2259 1267 2296 Re
1292 2258 1368 2295 0011
1393 2269 1450 2305 ep.
1473 2262 1542 2294 333

171 2306 322 2354 ἀγάπης
339 2307 428 2343 libri
446 2307 522 2343 edd
591 2311 635 2344 15
655 2305 705 2344 ἂν
724 2307 826 2344 inser
846 2309 947 2346 Vind
983 2320 1045 2345 om
1064 2308 1113 2343 Vi
1136 2307 1256 2344 Lamb
1282 2306 1379 2343 Rich
1401 2308 1408 2355 Ι
1429 2304 1545 2348 αὑτός

172 2391 213 2427 Β
269 2394 313 2427 16
339 2367 508 2451 ἐγκαλῖἷς,
526 2392 628 2447 Vind
656 2393 663 2439 Ι
695 2393 856 2429 τεθνᾶσι
882 2393 930 2430 Vi
967 2394 974 2440 Ι
1010 2394 1142 2439 μεθῶν
1169 2392 1226 2428 Va
1257 2395 1263 2438 Ι
1298 2391 1471 2442 εἰσῆλθες
1497 2391 1544 2428 Vi

171 2443 385 2529 „0379'2‘35
410 2439 664 2523 1¹unvadD
750 2442 795 2475 18
821 2439 943 2477 ἐθέλει
971 2441 1006 2477 V
1026 2440 1094 2477 sed
1121 2439 1139 2476 ἑ
1163 2439 1240 2476 add
1265 2439 1323 2476 m⁶
1343 2441 1350 2486 Ι
1372 2439 1488 2481 αὐτὸς
1513 2439 1551 2475 V
