1806 2964
590 222 863 260 EPISTULAE
891 225 1081 259 ιιι-ιη
1194 207 1197 210 ’
1438 221 1520 265 161

786 360 883 416 ρογ’.
1451 366 1500 402 W
1527 368 1599 402 1⁷8

615 449 912 503 Πρισκιανῷ.
951 455 1059 500 (360)

211 536 249 574 1.
283 532 338 574 Τὸ
371 530 415 574 δὲ
441 530 484 573 σὲ
508 531 714 581 τοσούτοις
738 529 1040 584 κεκυκλωμένον
1068 530 1272 586 πράγμασι
1295 529 1362 572 καὶ
1389 530 1525 572 νυττό-

147 614 272 653 μενον
295 602 382 649 ταῖς
406 597 497 652 περὶ
521 604 592 639 τοῦ
618 596 793 651 πολέμου
823 597 1035 650 φροντίσιν
1067 597 1175 646 ὅπως
1201 595 1299 651 ἡμῖν
1332 595 1526 650 φοιτητὴς

146 665 474 721 προσγενήσεται·
489 668 655 706 σκοπεῖν
688 663 756 705 καὶ
791 664 990 718 μηδεμίαν
1024 662 1213 718 ἀσχολίαν
1246 662 1389 713 ἀξιοῦν
1421 659 1526 705 εἶναι
1563 675 1580 703 ⁶

147 732 407 787 τηλικαύτην,
431 731 457 784 ἥ
483 743 525 772 σε
551 736 622 772 τοῦ
647 729 695 772 τὰ
720 728 890 785 ἡμέτερα
914 730 1158 785 θεραπεύειν
1184 729 1412 784 ἀποστήσει,
1437 730 1528 771 τίνα

147 799 204 841 ἔτι
235 798 461 852 θαυμάζειν
491 796 642 851 ἀφήσει
672 804 753 838 τῶν
779 796 887 852 παρὰ
912 801 996 847 τοῖς
1020 801 1207 850 ποιηταῖς
1231 796 1297 838 ἐπὶ
1322 797 1437 854 φιλίᾳ
1461 797 1526 851 βε-

148 863 388 919 βοημένωνς
429 867 468 905 2.
500 862 522 906 ὃ
555 863 598 905 δὲ
629 862 850 918 ἅνθρωπος
880 863 1049 917 ἐκεῖνος,
1080 860 1155 916 ἀφ’
1184 859 1309 919 οὗπερ
1334 857 1452 917 ἧκον,
1477 862 1528 904 οὐ

148 930 297 974 διέλιπε
321 931 499 986 βάλλων·
525 931 562 972 εἰ
585 929 628 972 δὲ
654 930 730 972 οὐκ
755 929 956 985 ἐπήγνυτο
980 929 1028 971 τὰ
1052 928 1171 984 βέλη,
1196 926 1282 971 ἀλλ’
1309 924 1364 984 ἦν
1387 929 1432 972 τὸ
1456 935 1528 970 τοῦ

150 998 326 1047 Αἴαντος
357 1004 471 1051 σῶμα
501 1001 678 1053 κρεῖττον
709 1004 780 1038 τοῦ
812 997 1001 1053 σιδήρου,
1032 997 1145 1051 χάρις
1166 993 1357 1052 Ἡρακλεῖ
1382 996 1449 1037 καὶ
1479 999 1532 1052 τῷ
1548 1009 1583 1036 ιο

149 1070 221 1106 τοῦ
253 1063 412 1113 λέοντος
445 1062 618 1119 δέρματι.
671 1066 709 1105 3.
735 1063 1022 1117 αἰσχυνόμενος
1054 1058 1128 1105 οὖν
1160 1058 1278 1113 οὗτος
1304 1062 1326 1106 ὁ
1350 1062 1529 1116 τοξότης,

150 1131 212 1172 ὅτι
236 1134 319 1179 τοῖς
346 1134 432 1180 σοῖς
455 1129 521 1172 ἐπὶ
546 1130 616 1172 τὸν
641 1131 717 1172 οὐκ
742 1129 961 1171 ἀδικοῦντα
986 1129 1143 1186 ἐχρῆτο,
1173 1131 1300 1184 ζητῶν
1326 1128 1528 1183 ἀμυνομέ-

149 1212 227 1239 νου
253 1203 384 1251 σχῆμα
408 1197 563 1245 πλάσας
587 1197 720 1237 αἰτίαν
744 1196 907 1251 ἐγκαλεῖ
924 1197 1029 1251 βοήν
1054 1212 1145 1237 τινα
1169 1196 1272 1250 ἐμὴν
1291 1195 1357 1238 ἐπὶ
1374 1202 1422 1254 τῇ
1436 1193 1529 1237 ’κεί-

149 1279 227 1305 νου
258 1264 360 1318 πρὸς
391 1262 461 1304 τὸν
478 1261 730 1318 Ἑρμογένην
760 1262 915 1320 εἰσόδῳ.
961 1266 1000 1304 4.
1032 1263 1103 1305 τὸν
1136 1262 1179 1304 δὲ
1207 1262 1304 1316 ἐμὸν
1329 1259 1453 1304 οἶσθα
1478 1261 1528 1303 σὺ

151 1329 242 1384 περὶ
254 1336 378 1371 ταῦτα
395 1329 559 1385 τρόπον,
577 1330 643 1371 καὶ
663 1329 706 1370 εἴ
717 1345 753 1370 τι
771 1335 852 1370 τῶν
871 1329 1063 1371 τοιούτων
1083 1328 1150 1383 ἐμὲ
1170 1330 1339 1371 δύναται
1356 1330 1530 1370 δάκνειν.
1550 1340 1585 1368 15

151 1402 303 1450 σκῆψις
328 1403 465 1448 ταῦτα,
490 1391 522 1437 ὦ
541 1400 712 1451 γενναῖε,
737 1396 781 1438 τὸ
808 1391 846 1437 δ’
869 1395 1035 1449 ἀληθές,
1054 1396 1188 1445 ἔταξεν
1207 1395 1331 1438 αὑτὸν
1350 1396 1532 1451 ἑτέρωθι,

150 1462 227 1516 τὴν
258 1463 370 1512 τάξιν
402 1461 445 1504 δὲ
476 1462 654 1504 ἐπαινεῖν
686 1462 762 1505 οὐκ
793 1463 893 1517 ἔχων
923 1470 996 1505 τοῦ
1027 1463 1082 1517 μὴ
1110 1462 1301 1518 γενέσθαι
1326 1458 1409 1516 μετ’
1431 1463 1531 1517 ἐμοῦ

230 1598 245 1628 1
281 1592 349 1631 Vn
372 1591 422 1632 α’,
449 1590 542 1636 ουδ’.
571 1592 625 1629 Va
650 1593 698 1640 β’,
725 1591 852 1636 oL‘.Vo
871 1590 917 1640 β’,
939 1590 1002 1636 οἵ.
1029 1592 1059 1628 S
1076 1604 1105 1637 ε,
1125 1591 1172 1633 ς’.
1210 1593 1257 1630 Va·
1275 1592 1366 1636 σιξ.
1395 1592 1531 1630 Ψιθ’.

163 1639 263 1676 Viud
288 1639 358 1686 νβ’.
384 1641 425 1676 D
451 1639 504 1686 ρλ’

227 1764 248 1795 2
276 1760 423 1797 Sievers
448 1764 530 1797 224.
557 1760 677 1797 Seeck
697 1765 778 1797 244.
801 1765 883 1798 367.
910 1761 1081 1807 Silomon
1100 1765 1146 1797 36
1209 1765 1231 1798 8
1257 1761 1457 1799 Eubulus?
1484 1762 1530 1799 cf.

157 1807 303 1845 Sievers
329 1811 387 1846 69.
415 1812 458 1844 71
513 1812 556 1845 10
583 1809 680 1846 Plat.
701 1821 806 1846 conv.
827 1822 864 1856 p.
886 1813 956 1845 219
975 1810 1014 1847 Ε.
1040 1810 1087 1846 cf.
1107 1811 1134 1846 t.
1159 1810 1208 1846 Vl
1231 1814 1311 1854 179,
1331 1814 1364 1847 9.
1402 1810 1533 1847 Richt-

156 1856 257 1903 eteig
282 1860 339 1893 81.
366 1857 414 1895 cf.
434 1857 485 1893 ad
510 1868 570 1904 ep.
591 1862 697 1895 1433.
724 1858 923 1895 Salzmann
951 1862 994 1894 16
1065 1862 1110 1894 14
1137 1858 1255 1895 Seeck
1282 1862 1351 1895 173

230 1983 253 2014 4
279 1978 456 2024 φροντίσι
488 1979 541 2016 W
616 1983 638 2015 ὅ
663 1979 961 2027 προσγενήσεται
992 1979 1127 2027 scripsi
1169 1979 1405 2027 προσγενήση
1440 1980 1533 2017 VVa

170 2026 223 2063 Vo
248 2027 314 2063 sed
341 2028 381 2063 in
407 2027 480 2064 hoc
504 2026 659 2074 γένηται
684 2040 704 2064 e
736 2028 874 2075 γενήση
905 2028 974 2073 m’,
1005 2028 1036 2066 S
1064 2028 1131 2065 sed
1166 2029 1206 2064 in
1238 2028 1310 2065 hoc
1334 2040 1433 2074 προσ
1458 2027 1532 2073 del,

172 2075 220 2111 Vi
232 2074 342 2111 Wolf
381 2075 518 2123 γενήσῃ
543 2077 580 2112 W
597 2077 696 2113 Vind
715 2077 781 2112 sed
801 2076 842 2112 in
862 2077 934 2114 hoo
954 2076 1048 2124 νήση
1076 2077 1140 2113 del
1158 2078 1197 2114 et
1215 2090 1320 2114 νοιτο
1346 2088 1533 2123 suprascr,

162 2122 205 2160 D
225 2124 231 2170 Ι
253 2122 348 2170 μηδὲ
374 2123 467 2170 μίαν
501 2125 548 2160 Vi
572 2124 622 2171 μὴ
649 2124 691 2161 δὲ
717 2124 810 2171 μίαν
836 2125 877 2162 D
956 2129 976 2162 7
1004 2125 1165 2170 ἀφήσεις
1190 2126 1231 2162 D
1254 2127 1260 2174 Ι
1288 2131 1369 2168 τοῖς
1393 2137 1454 2162 om
1489 2126 1535 2162 Vi

233 2174 255 2207 8
287 2173 465 2218 ἀφοῦπερ
501 2173 556 2209 Va
608 2175 614 2221 Ι
672 2172 774 2219 ἥκων
809 2174 844 2210 V
870 2173 938 2209 sod
969 2187 992 2209 ν
1022 2185 1105 2210 eras
1149 2173 1244 2219 ἥκον
1278 2175 1334 2210 Va
1364 2171 1455 2219 ἧκεν
1488 2174 1542 2211 W

160 2219 227 2256 sed
258 2233 275 2256 ο
306 2219 348 2256 iu
380 2221 438 2257 lac
472 2226 490 2257 1
522 2220 587 2257 litt
611 2221 714 2258 inser
737 2221 796 2257 m'
831 2219 910 2268 ἥκω
936 2222 977 2258 D
1051 2226 1072 2258 9
1098 2221 1263 2259 διέλειπε
1288 2222 1318 2260 S
1396 2226 1442 2258 10
1467 2227 1535 2258 τοῦ

161 2267 224 2304 del
247 2267 339 2304 rubr
363 2268 393 2306 S
465 2273 508 2306 11
536 2267 646 2311 οὗτος
673 2270 726 2307 Vo
757 2270 825 2306 sed
855 2283 920 2312 τος
943 2270 1047 2307 inser
1075 2270 1129 2306 m⁸
1157 2271 1260 2307 inser
1287 2270 1317 2308 S
1351 2281 1414 2307 om
1441 2271 1536 2308 VVa

168 2316 215 2352 Vi
290 2321 334 2353 12
360 2317 546 2360 τοιούτοις
577 2319 652 2364 W}
680 2319 750 2355 οὐκ
777 2330 840 2354 om
866 2318 979 2356 VaVi
1026 2318 1130 2355 inser
1157 2319 1266 2357 Vo⁸S
1315 2323 1358 2355 13
1387 2318 1538 2366 ἐγκαλεῖ

161 2365 316 2410 reposui
341 2375 362 2401 e
387 2364 496 2402 libris
521 2368 566 2403 ut
590 2367 676 2403 coni
702 2367 756 2402 Re
794 2366 967 2412 ἐγκαλεῖν
991 2366 1100 2404 Wolf
1119 2367 1186 2404 sed
1207 2379 1291 2404 corr
1315 2367 1402 2403 Add
1428 2370 1497 2403 861

163 2411 255 2458 ἐμὴν
282 2423 343 2449 om
376 2414 531 2451 WVind
575 2416 582 2461 Ι
629 2413 759 2452 κείνου
793 2415 887 2453 VVa
963 2418 1007 2451 15
1031 2415 1080 2452 τὰ
1103 2422 1263 2453 τοιαῦτα
1295 2415 1505 2452 WVindD

162 2459 405 2545 ῗξκέειιῆνῐῖς
419 2462 485 2498 sed
517 2474 550 2499 ει
583 2473 667 2499 corr
696 2463 754 2499 m⁶
841 2466 886 2499 16
917 2461 1036 2500 αὐτὸν
1070 2465 1164 2501 VVa
1175 2465 1225 2502 Vo
1235 2464 1329 2502 ViD
1359 2463 1469 2500 Wolf

347 2521 369 2546 ο
