1806 2964
639 196 912 233 EPISTULAE
941 200 1129 233 110-112
1225 216 1227 219 -
1486 197 1506 239 1
1518 197 1538 238 l
1550 196 1569 239 l

192 311 428 366 πρόθυμον,
454 311 524 352 τὸν
550 308 593 352 δὲ
617 309 826 365 ἀνδρεῖον,
851 308 973 351 ἄλλον
999 310 1192 364 δυνατόν,
1216 309 1284 351 καὶ
1310 310 1437 358 οὕτως
1462 308 1571 350 αὑτῶ

190 377 318 420 καλὸν
343 376 507 420 ἔσεσθαι
530 384 602 431 τῆς
625 377 848 430 ἐπιθυμίας
871 376 915 418 τὸ
940 377 1095 432 κηρίον.
1129 379 1168 417 2.
1187 375 1264 432 ἐγὼ
1283 375 1369 418 δὲ”
1346 392 1453 456 εφην
1471 375 1572 430 πρὸς

190 443 329 498 αὐτόν,
355 443 410 494 ὥς
435 444 485 486 οὐ
516 447 678 493 πολλοῖς
704 442 784 499 ἄρα
814 442 900 484 δέοι
929 444 1114 498 γράφειν,
1139 440 1225 484 ἀλλ’
1247 442 1321 494 ἑνί,
1347 443 1443 498 παρ’
1471 434 1503 500 ᾧ
1523 442 1572 483 τὰ

193 512 337 553 πάντα.
363 511 403 552 τί
432 509 505 564 μὲν
535 510 611 565 γὰρ
642 508 893 564 ἡμερωτερον
927 510 1164 563 Θεμιστίου;
1194 510 1254 560 τίς
1280 506 1318 551 δ’
1347 510 1452 552 οὕτω
1477 508 1573 558 τοὺς

196 578 453 632 Τυνδαρίδας
477 577 523 619 ἐν
546 585 595 635 τῇ
627 576 717 632 περὶ
747 577 843 625 τοὺς
875 575 1015 626 ξένους
1046 577 1206 634 σπουδῇ
1238 581 1352 634 “stiffi
1383 575 1491 632 παρὰ
1523 581 1575 632 τῷ
1609 590 1625 616 ⁶

193 642 237 685 δὲ
262 644 436 697 τοσαύτη
461 631 692 699 προθυμίας
723 644 764 684 τί
792 639 830 685 δ’
859 643 934 698 οὐχ
964 638 1063 696 ηκεν
1096 644 1153 693 εἰς
1184 642 1292 693 τέλος
1327 638 1384 685 ὧν
1415 643 1571 697 ἥψατο;

195 712 233 751 3.
255 709 277 752 ὅ
302 706 340 751 δ’
371 709 426 759 ὥς
451 709 600 763 ἤκουσε
624 708 820 764 τοῦνομα,
846 710 1060 764 σκιρτήσας
1091 710 1159 752 καὶ
1191 711 1396 764 μειδιάσας
1426 710 1571 752 τούτου

191 775 264 830 μὲν
291 776 443 830 ἔφησεν
467 776 708 830 ἐπιθυμεῖν,
734 779 869 830 μεῖζον
901 775 944 818 δὲ
975 776 1101 819 αὑτοῦ
1132 777 1175 819 τὸ
1206 784 1371 858 πρᾶγμα
1401 778 1554 832 κρίνειν

192 843 333 898 διόπερ
361 843 436 885 οὐκ
468 843 639 897 αἰτῆσαι.
678 845 716 884 4.
749 839 839 884 ἀλλ’
867 837 912 884 εὖ
944 844 1049 896 ἴσθι,
1081 859 1147 885 και
1179 844 1323 885 τούτου
1354 842 1571 898 Δωρόθεος

193 907 304 961 άξιος
336 908 405 950 καὶ
439 908 496 950 ἔτι
527 909 716 963 μείζονος.
755 910 804 950 ἓν
830 908 893 963 δέ,
920 905 1053 963 οἶμαι,
1089 911 1225 962 μεῖζον
1255 916 1326 964 τῆς
1357 909 1467 965 παρὰ
1497 915 1571 951 σοῦ

190 961 334 1030 ρόπῆς,
359 973 385 1029 ἡ
411 974 520 1030 παρὰ
545 982 626 1017 τῶν
651 979 772 1016 θεῶν.
805 970 864 1016 ὧν
894 975 1056 1025 εἰκότως
1087 993 1139 1017 αν
1170 976 1350 1030 εὐμενῶν
1383 976 1572 1031 τυγχάνοι

187 1047 265 1095 τῆς
291 1041 349 1090 εἲς
376 1042 522 1094 φίλους
552 1040 695 1097 ἀρετῆς
727 1041 870 1084 εἵνεκα.
910 1044 949 1083 5.
976 1038 1094 1092 οὗτος
1124 1042 1200 1098 γὰρ
1228 1038 1442 1098 Ἀργυρίου
1473 1040 1572 1096 ἡμῖν

189 1107 258 1149 τὸν
284 1103 458 1161 οἶκον,“
438 1124 487 1149 ον
520 1106 681 1164 ἀγαπᾷς
710 1124 750 1149 τε
781 1107 849 1150 καὶ
879 1107 955 1161 ὑφ’
985 1104 1034 1150 οὗ
1064 1110 1277 1167 θαυμάζῃ,
1309 1109 1481 1151 σέσωκεν
1514 1109 1572 1158 εἰς

193 1174 325 1223 πάσας
351 1173 424 1227 μὲν
450 1173 627 1229 ἀνάγκας
653 1174 808 1229 ἀχθείς,
833 1175 1001 1229 νικήσας
1035 1174 1078 1217 δὲ
1110 1177 1294 1234 καρτερίᾳ
1326 1176 1400 1230 τὴν
1434 1176 1570 1218 Φαλά-

192 1240 304 1294 ριδος
330 1238 534 1294 ὠμότητα,
566 1241 609 1283 τὸ
642 1236 682 1282 δ’
718 1240 967 1296 ἀποθανεῖν,
998 1243 1037 1283 εἰ
1065 1244 1265 1298 συμβαίη,
1295 1243 1373 1299 πρὸ
1405 1249 1476 1284 τοῦ
1502 1242 1571 1285 τὸν

193 1305 350 1361 ἑταῖρον
374 1305 565 1360 ἀδικῆσαι
589 1306 773 1361 θέμενος.
801 1310 840 1349 6.
866 1310 913 1366 ζῇ
940 1307 1012 1362 μὲν
1037 1309 1112 1365 γὰρ
1138 1309 1206 1350 διὰ
1230 1309 1305 1363 τὴν
1334 1310 1483 1364 Τύχην,
1509 1310 1570 1352 ὅτε

193 1371 236 1414 δὲ
268 1369 332 1414 ἐπ’
360 1373 484 1415 αὐτὸν
517 1372 708 1427 ἐφέροντο
739 1381 818 1415 τῶν
853 1378 1019 1430 πληγῶν
1053 1377 1099 1417 αἱ
1132 1377 1302 1429 νιφάδες
1332 1376 1397 1418 καὶ
1431 1375 1570 1434 ᾔκιζον

191 1439 285 1489 τοὺς
310 1439 460 1494 ὤμους,
491 1441 599 1498 αὐτῷ
630 1457 669 1482 τε
706 1440 776 1483 καὶ
809 1446 892 1491 τοῖς
918 1440 1065 1496 ὁρῶσιν
1098 1442 1209 1492 ἐλπὶς
1243 1439 1308 1498 ἧν,
1342 1442 1396 1493 ὡς
1427 1443 1568 1485 αὐτίκα

191 1507 324 1560 δεήσει
348 1511 520 1548 κεῖσθαι.
548 1507 684 1561 λαβὼν
709 1507 753 1550 δὲ
778 1508 954 1561 ἔννοιαν,
979 1508 1047 1550 καὶ
1071 1509 1147 1565 γὰρ
1172 1517 1252 1551 τῶν
1277 1511 1462 1560 παιδείας
1481 1526 1568 1564 μετ-

190 1573 415 1626 ειληφότων
453 1573 575 1630 ἁνήρ,
613 1575 706 1616 οἵαν
739 1575 861 1624 δόξαν
900 1571 966 1628 ἐφ’
996 1576 1097 1625 οῖὀις
1135 1575 1234 1631 ὑπὲρ
1267 1577 1398 1630 φίλων
1428 1578 1568 1618 κινδύ-

198 1655 285 1689 νοις
321 1640 538 1693 ἐκτήσαντο
570 1647 650 1682 τῶν
680 1643 955 1683 παλαιοτάτων
986 1642 1111 1696 τινές,
1144 1643 1288 1697 ῥήματι
1321 1642 1394 1697 μὲν
1424 1645 1576 1696 ψευδεῖ

195 1705 265 1747 τὸν
289 1706 447 1762 ἑταῖρον
473 1707 547 1749 οὐκ
572 1707 769 1762 ἀπώλεσε,
794 1714 842 1766 τῇ
869 1709 1007 1766 δικαίᾳ
1039 1707 1082 1750 δὲ
1119 1709 1284 1765 ἀρνήσει
1315 1710 1385 1751 τὸν
1411 1709 1483 1763 μὲν
1509 1709 1573 1760 ἐξ.

266 1839 287 1870 2
315 1835 363 1871 cf,
384 1846 441 1881 ep.
464 1840 536 1871 374
610 1840 631 1871 5
658 1836 766 1873 Pind.
789 1835 845 1873 Ol.
868 1836 921 1872 ΙΙΙ
945 1842 962 1872 1
1043 1841 1087 1873 12
1115 1837 1234 1874 Seeck
1260 1842 1330 1874 222

267 1959 286 1991 1
314 1956 417 1992 αὐτῶ
441 1955 532 1992 libri
562 1955 667 1992 Wolf
737 1960 758 1992 2
786 1957 884 2003 ἔφην
910 1957 1045 2005 scripsi
1070 1969 1091 1995 e
1126 1959 1316 2053 ῩῘῙοΙδἿῙι·
1338 1960 1383 1995 ub
1408 1959 1504 1996 coni
1513 1961 1569 1996 Re

196 2002 271 2059 ἔφη
303 2004 361 2060 Va
386 1992 496 2040 Wolf
566 2008 588 2040 4
614 2005 649 2040 τὶ
683 2006 729 2041 Vi
754 2006 821 2042 sed
847 2019 860 2041 ι
886 2016 933 2041 ex
959 2019 978 2042 ο
1005 2017 1088 2043 corr
1113 2007 1171 2043 m'
1209 2007 1489 2054 Ιὴμερώτερος
1513 2008 1569 2045 Re

194 2051 260 2097 qui
285 2051 368 2088 sino
393 2052 510 2088 dubio
536 2053 654 2089 etiam
679 2052 735 2096 τίς
760 2054 875 2090 scribi
901 2053 1022 2090 voluit
1061 2057 1067 2100 Ι
1106 2054 1164 2098 τίς
1197 2057 1248 2093 Vo
1274 2056 1340 2092 sed
1367 2071 1386 2098 ς
1412 2056 1488 2092 add
1512 2057 1570 2092 m8

242 2103 264 2136 ὃ
290 2102 377 2147 post,
400 2099 634 2147 τυνδαρίδας
658 2101 720 2138 lac
745 2105 767 2137 6
792 2102 858 2138 litt
883 2102 913 2139 S
988 2106 1008 2138 7
1036 2101 1094 2139 ὅδ’
1127 2105 1212 2141 VVi
1233 2103 1283 2152 Ιή
1276 2103 1417 2167 ’κουσετ
1423 2105 1478 2143 Vo
1502 2106 1568 2142 sed

195 2160 212 2184 ε
239 2159 285 2184 ex
310 2162 336 2184 α
362 2160 445 2185 corr
469 2148 526 2184 m’
600 2156 621 2185 8
648 2150 768 2186 αὐτοῦ
793 2150 882 2187 libri
908 2150 1017 2187 Wolf
1089 2156 1130 2189 11
1158 2159 1226 2189 τοῦ
1250 2155 1347 2190 θεοῦ
1374 2150 1420 2190 οὗ
1446 2154 1486 2190 et
1510 2154 1568 2191 εὖ·

194 2202 331 2242 μενοῦς
355 2197 385 2234 S
428 2199 435 2243 Ι
480 2197 684 2244 τυγχάνοις
706 2199 736 2236 S
773 2198 970 2246 τυγχάνεις
996 2201 1042 2237 Vi
1120 2205 1164 2236 12
1191 2199 1302 2238 ἕνεκα
1335 2202 1371 2238 V
1391 2201 1501 2238 Wolf

196 2248 240 2280 13
265 2258 304 2282 τε
330 2257 392 2282 om
417 2246 447 2283 S
465 2248 471 2292 Ι
493 2246 564 2292 ἀφ’
591 2247 636 2283 Vi
722 2252 767 2284 14
791 2253 837 2294 τῆ
863 2250 949 2284 ante
974 2247 1153 2294 καρτερία
1183 2250 1237 2286 Va
1325 2253 1369 2286 15
1395 2248 1568 2311 ὡμότητα

203 2293 248 2328 Vi
256 2295 273 2349 J
295 2291 334 2330 δ’
356 2293 499 2331 inserui
524 2305 545 2331 e
572 2296 729 2332 VVaVo
772 2307 834 2332 om
854 2296 943 2333 SVi
967 2296 1076 2333 Wolf
1150 2301 1195 2333 15
1214 2299 1257 2344 ζῆ
1280 2299 1315 2335 V
1373 2303 1416 2335 17
1437 2297 1568 2347 ᾔκιζον

194 2341 328 2389 scripsi
352 2343 527 2402 &quing-ov
545 2344 581 2379 V
607 2345 783 2387 διώκιζον
806 2345 860 2381 Va
870 2345 921 2381 Vo
940 2345 1112 2392 διήκιζον
1131 2346 1161 2383 S
1174 2347 1220 2383 Vi
1247 2350 1335 2392 „aut
1354 2349 1568 2404 διῃκίζοντο

251 2419 259 2426 .
285 2394 354 2427 aut
378 2392 417 2427 δι
418 2390 636 2437 ηκόντιζον“
664 2392 721 2429 Re
791 2396 834 2429 18
861 2394 963 2430 αὐτώ
988 2394 1032 2430 Vs·
1104 2398 1150 2430 20
1175 2394 1274 2441 ἁνήρ
1308 2395 1446 2442 scripsi
1470 2396 1568 2442 ἀνὴρ

193 2437 223 2474 li
250 2438 283 2474 ri
321 2405 441 2475 Wolf²²
529 2444 571 2476 21
610 2440 816 2487 ἐκτήσαντο
850 2442 896 2478 Vi
921 2442 988 2478 sed
1014 2456 1036 2478 ν
1062 2454 1237 2489 suprascr
1260 2443 1318 2479 m’
1363 2445 1369 2490 Ι
1415 2444 1498 2492 μὲν]
1525 2444 1569 2481 δὲ

203 2486 250 2522 Vi
321 2491 367 2523 22
393 2492 440 2523 τᾶ
474 2488 529 2525 Va
554 2488 621 2525 sed
647 2503 672 2524 α
698 2500 782 2526 corr
805 2489 863 2525 m'

1593 926 1626 953 10

1593 1261 1626 1288 15

1589 1595 1626 1620 20
