1806 2964
299 220 386 263 588
885 218 1068 255 LIBANII

226 339 275 374 W
301 342 370 375 666
943 327 1017 382 χμ’.

776 409 1041 470 Ἀνατολίῳ.
1075 418 1180 461 (361)

362 501 399 538 1.
421 493 657 554 Ἦρωδιανῷ
682 495 836 537 δέδοται
861 493 955 551 παρ’
979 495 1093 549 ἡμῶν
1118 498 1257 550 χρόνος
1282 498 1452 552 βραχύς,
1475 497 1583 547 ὅπως
1606 497 1661 551 ἣν

300 562 376 617 ἔχει
400 568 478 617 γῆν
503 563 690 617 βραχεῖαν
715 561 847 602 ἐλθὼν
873 562 951 619 ἴδῃ.
993 563 1059 603 det
1087 562 1129 603 δὲ
1161 563 1267 621 αὐτῷ
1296 569 1376 604 τῶν
1408 563 1453 604 έν
1487 564 1660 622 Φοινίκῃ

265 643 281 669 5
302 634 466 683 μικρῶν,
491 627 628 680 ἐπειδὴ
653 627 699 667 τὰ
724 626 802 668 ἀπὸ
829 634 900 680 τῆς
931 626 1067 681 τέχνης
1092 624 1144 668 ἔτ’
1173 628 1336 669 ἐκείνων
1362 628 1582 683 μικρότερα.
1615 629 1660 671 τὸ

298 693 373 748 γὰρ
400 692 471 742 οὓς
497 693 545 749 οὐ
570 699 771 746 προσῆκεν
795 689 898 734 εἶναι
923 694 1117 747 μεγάλους
1141 694 1375 735 ἐταπείνωσε
1396 693 1444 735 τὰ
1462 700 1541 734 τῶν
1560 694 1661 737 εἰκό-

299 775 376 808 τως
401 758 452 799 ἂν
477 757 606 800 ὄντων
631 759 821 813 μεγάλων.
856 762 893 799 2.
919 758 1097 813 γενέσθω
1123 758 1174 811 δὴ
1199 764 1281 808 τοῖς
1305 760 1487 809 Φοίνιξιν
1513 760 1660 813 αἴσθη-

301 836 362 872 σις
397 825 455 865 ὅτι
481 822 543 865 σοὶ
575 822 642 864 καὶ
666 824 811 866 τούτου
835 823 903 864 καὶ
937 830 1016 864 τῶν
1049 824 1193 866 τούτου
1228 824 1343 877 μέλει.
1383 824 1451 865 καὶ
1481 824 1555 880 γὰρ
1581 824 1660 867 ἀπὸ

299 896 378 930 τῶν
404 895 556 942 μικρῶν
580 884 723 943 γένοιτ’
746 887 796 929 ἂν
822 889 917 938 ἴσως
935 904 972 930 τι
990 888 1144 945 κέρδος,
1169 890 1265 931 ὅταν
1284 888 1447 931 εὔνοιαν
1472 889 1662 945 ἄρχοντος

247 971 280 996 ιο
299 955 413 1012 λάβῃ.

227 1046 276 1081 w
303 1050 371 1083 55⁶
933 1037 1035 1093 χμοί.

804 1126 872 1179 Τῷ
897 1122 1033 1181 αὐτῷ.
1064 1126 1171 1171 (361)

363 1209 400 1246 1.
429 1198 658 1259 Φλᾶβιανὸς
695 1205 830 1247 οὑτοσὶ
866 1205 909 1247 τὸ
936 1205 1008 1259 μὲν
1044 1205 1159 1260 γένος
1197 1206 1275 1248 ἐστὶ
1307 1207 1508 1258 Βιθυνός,
1540 1203 1662 1248 οἶσθα

301 1270 343 1312 δὲ
378 1271 486 1320 ὅπως
522 1270 596 1324 ἔχω
637 1271 737 1325 πρὸς
776 1273 1003 1324 Βιθυνούς,
1041 1273 1236 1323 μουσείων
1271 1271 1314 1313 δὲ
1350 1279 1429 1313 τῶν
1461 1269 1662 1326 Ἀθήνησι

250 1352 282 1378 15
304 1336 468 1391 μετέσχε.
499 1336 570 1378 τὸν
594 1343 695 1378 νοῦν
720 1335 764 1378 δὲ
788 1335 846 1377 ὢν
871 1335 965 1386 ὀξὺς
983 1337 1148 1392 χρηστός
1165 1337 1246 1379 ἐστι
1269 1338 1339 1380 τὸν
1357 1337 1518 1391 τρόπον.
1544 1338 1663 1392 μικρὰ

301 1400 345 1443 δέ
370 1418 438 1454 μοι
462 1402 749 1456 συγγενόμενος
782 1403 839 1451 εἰς
871 1402 964 1451 τοὺς
995 1404 1139 1455 φίλους
1170 1403 1443 1458 ἐγγέγραπται·
1469 1410 1663 1445 τοσοῦτον

302 1467 433 1521 ἴσχυσε
458 1472 541 1516 τοῖς
567 1472 734 1520 μικροῖς.
773 1471 811 1508 2.
836 1468 985 1522 ἔρχεται
1010 1469 1061 1521 δή
1093 1468 1135 1509 σέ
1167 1484 1207 1510 τε
1240 1467 1442 1522 ὀψόμενος
1466 1469 1533 1510 καὶ
1561 1471 1661 1511 Φοι-

302 1534 432 1586 νίκην,
458 1533 532 1585 τὴν
557 1532 630 1586 μὲν
654 1529 699 1574 εὖ
729 1534 1001 1588 πράττουσαν,
1032 1533 1074 1575 σὲ
1100 1533 1142 1576 δὲ
1167 1533 1266 1589 ὑπὲρ
1292 1535 1416 1587 αὐτῆς
1446 1541 1660 1576 πονοῦντα.

303 1597 428 1651 πέμπε
453 1594 528 1639 οὖν
553 1599 675 1640 αὐτὸν
699 1594 822 1648 αὖθις
856 1598 910 1648 ὡς
943 1597 1049 1652 ἡμᾶς
1078 1599 1225 1654 γνόντα
1256 1613 1329 1641 σου
1363 1599 1431 1640 καὶ
1461 1600 1534 1652 τὴν
1565 1598 1661 1653 ἡμε-

248 1680 283 1706 80
302 1663 446 1719 ρότητα
470 1663 538 1705 καὶ
563 1663 637 1716 τὴν
661 1664 902 1717 δικαιότητα.

375 1819 391 1849 1
428 1815 494 1850 V11
517 1813 566 1858 α’,
589 1813 633 1850 τ’.
667 1815 723 1851 Va
741 1813 783 1859 ζ’,
809 1813 876 1855 κε’.
911 1815 964 1851 Vo
987 1814 1057 1861 (ζ),
1082 1815 1142 1855 ἰς’
1241 1819 1283 1851 11
1318 1816 1403 1852 Vll!
1425 1815 1470 1860 ς’,
1496 1815 1571 1861 μα’.
1603 1816 1661 1852 Va

300 1861 342 1906 ζ’,
367 1861 430 1904 κζ’.
465 1863 518 1899 Vo
542 1861 610 1909 (ξ),
636 1862 701 1905 κζ.
728 1863 797 1898 Μο

374 2008 394 2040 2
421 2004 538 2040 Seeck
565 2008 621 2040 66.
650 2007 718 2040 886
817 2009 838 2040 3
864 2005 909 2041 cf.
930 2016 989 2051 ep.
1010 2009 1091 2042 454.
1125 2006 1269 2042 Sievers
1293 2018 1330 2052 p.
1353 2010 1421 2042 160
1452 2007 1529 2042 not.
1550 2009 1595 2042 ⁶8
1621 2007 1661 2043 et

300 2064 336 2098 p.
358 2055 426 2088 236
483 2056 527 2088 12
555 2052 673 2088 Seeck
693 2055 749 2089 66.
770 2056 839 2089 386
903 2057 948 2089 16
974 2053 1020 2089 cf.
1040 2065 1098 2099 ep.
1119 2057 1200 2090 666.
1227 2053 1343 2090 Seeck
1363 2057 1431 2090 166

374 2198 394 2230 9
420 2193 456 2230 τί
483 2195 519 2231 V
587 2199 632 2231 10
659 2195 773 2237 Τέλος
797 2202 862 2232 τοῦ
887 2197 1036 2241 πρώτου
1060 2195 1207 2244 βιβλίον
1230 2196 1361 2232 subscr
1386 2197 1421 2233 V
1448 2199 1455 2243 Ι
1489 2196 1659 2242 sequitur

301 2246 541 2336 :122222221125
668 2243 1036 2337 ἐξέκαμε..
1061 2248 1115 2327 12⁵
1128 2244 1312 2329 ‘Q‘
1338 2245 1394 2280 ¹⁷⁰
1479 2248 1523 2280 ¹⁹
