1806 2964
279 230 368 273 356
867 230 1016 267 LIBAN
1017 232 1050 268 11

279 341 476 395 ἐρχόμεθα
494 345 577 391 τοῖς
594 342 825 397 βαρβάροις.
861 345 928 383 10.
947 342 1097 390 ἔδεισας
1116 338 1193 384 οὖν
1211 343 1266 395 μὴ
1286 343 1505 397 λαβόμενος
1523 343 1639 386 εὔπο-

279 407 368 458 ρίας
397 407 516 461 φύγω
541 406 615 459 τὴν
639 407 793 461 τέχνην,
825 406 892 448 καὶ
916 407 1001 448 δεῖν
1025 403 1167 465 ᾠήθης
1196 407 1241 449 ἐν
1276 409 1394 464 πενίᾳ
1419 424 1465 461 με
1490 409 1641 462 φυλάτ-

279 487 375 524 τειν,
410 471 518 520 ὅπως
542 471 610 513 καὶ
633 472 754 521 αὐτὸς
787 473 1024 525 φυλάττοιμι
1047 472 1123 525 τὴν
1153 473 1274 522 τάξιν.
1310 474 1415 514 οὕτω
1446 489 1514 526 μοι
1541 489 1642 528 μαν-

280 537 467 578 τεύεσθαι
485 536 650 590 βέλτιον.
683 537 731 578 οὐ
750 537 825 591 γὰρ
843 537 971 578 ἐκεῖνό
990 534 1027 592 γ’
1051 536 1102 578 ἂν
1120 538 1261 589 εἴποις,
1279 537 1334 587 ὡς
1358 537 1534 590 ἄλφιτα
1558 537 1643 592 μὲν

246 618 262 643 5
281 602 543 650 Καπανεύς
569 617 615 643 τε
639 602 719 643 καὶ
738 603 1049 655 Ἀμφιάραος,
1074 601 1096 643 ὃ
1121 603 1233 644 δεῖνα
1259 602 1302 644 δὲ
1327 600 1425 644 οὔτ’
1445 603 1497 645 ἐν
1521 604 1644 661 λόγῳ

282 662 378 707 οὔτ’
413 667 464 708 ἐν
495 666 697 724 ἀριθμῷ.
752 671 820 708 11.
852 664 936 708 ἀλλ’
971 668 1052 709 ἔστι
1082 668 1126 709 τὸ
1158 667 1212 721 μὴ
1245 669 1389 709 δοῦναι
1418 667 1644 722 κηδομένου

281 738 360 772 τῶν
387 732 500 773 ὅλων.
532 739 745 787 τοιγαροῦν
769 732 814 774 ἐν
838 733 985 789 ἀπορίᾳ
1009 734 1219 787 χρημάτων
1243 737 1494 787 πλουτοῦμεν
1516 734 1645 789 ῥημά-

282 813 379 848 των,
405 803 521 838 τοῦτο
553 798 606 850 δὴ
635 798 679 839 τὸ
710 797 797 851 σόν,
825 797 894 838 καὶ
923 798 998 850 τὴν
1027 798 1154 853 ἀρχὴν
1185 797 1238 851 ἣν
1269 797 1438 853 ἄρχομεν
1469 799 1564 848 ἴσως
1595 799 1647 841 οὗ

282 858 609 916 καταισχύνομεν,
641 862 772 917 ὥσπερ
805 862 897 904 οὐδὲ
922 863 972 904 σὺ
997 864 1071 916 τὴν
1097 864 1282 918 μεγάλην.

215 1035 260 1070 w
287 1039 357 1072 ³⁷3
931 1027 998 1070 ω’.

232 1128 263 1152 ιι
794 1112 981 1169 Παύλῳ.
1023 1117 1131 1160 (358)

350 1204 384 1240 1.
410 1200 494 1241 Καὶ
512 1200 587 1255 γὰρ
614 1196 666 1254 ἦν
684 1201 803 1253 εἰκός,
828 1197 860 1242 ὦ
886 1202 975 1253 φίλε
996 1205 1146 1255 Παῦλε,
1172 1202 1226 1254 μὴ
1247 1202 1318 1243 τὸν
1337 1203 1463 1255 νόμον
1482 1200 1651 1257 ἀνελεῖν,

285 1263 334 1307 ὃν
358 1265 479 1314 αὐτὸς
503 1266 652 1319 ἔθηκεν
676 1265 837 1316 ἐκεῖνος.
871 1261 926 1319 ἦν
945 1265 987 1307 δὲ
1007 1262 1124 1316 οὗτος
1149 1265 1171 1307 ὅ
1196 1267 1320 1320 νόμος
1344 1271 1397 1324 τῷ
1421 1270 1651 1319 μεμνῆσθαι

284 1331 544 1385 προστιθέναι
575 1333 618 1373 τὸ
643 1332 825 1386 γράφειν.
868 1328 930 1381 οἷς
955 1327 994 1372 δ’
1023 1330 1074 1372 ἂν
1099 1332 1199 1388 ἔλθῃ
1224 1347 1261 1372 τι
1286 1331 1395 1386 παρὰ
1419 1335 1530 1372 θεῶν
1553 1329 1649 1386 ἀγα·

233 1406 267 1432 15
285 1397 379 1447 θόν,
414 1396 489 1438 οὐκ
512 1396 678 1446 ἐκείνοις
704 1398 772 1438 δεῖ
798 1397 939 1450 μόνον,
963 1396 1062 1437 ἀλλὰ
1095 1396 1162 1438 καὶ
1187 1401 1270 1446 τοῖς
1304 1398 1475 1449 ἱερεῦσιν
1498 1395 1652 1438 εἰδέναι

287 1463 413 1515 χάριν.
465 1465 502 1502 2.
529 1463 578 1503 σὺ
603 1464 743 1503 τοίνυν
767 1460 866 1515 ἡμῖν
891 1461 935 1503 ἐν
961 1463 1110 1516 ἱερεῦσι
1138 1461 1368 1517 τεταγμένος
1402 1460 1569 1516 μετέχεις
1593 1456 1652 1502 ὧν

287 1526 463 1576 ἐκείνους
497 1527 613 1576 εἰκός.
664 1527 714 1568 οὐ
747 1528 822 1582 γὰρ
857 1526 991 1582 ἀγνοῶ
1015 1523 1133 1569 τοῦθ’
1163 1527 1223 1568 ὅτι
1257 1527 1473 1581 ὥτρυνας
1507 1527 1651 1568 σπεύ-

365 1643 406 1678 10
442 1643 490 1678 VI
512 1642 557 1688 γ’,
583 1641 626 1684 ξ’.
659 1643 714 1678 Va
740 1641 787 1687 δ’,
812 1641 882 1685 ξεί.
915 1642 968 1678 Vo
993 1640 1041 1685 δ’,
1067 1641 1125 1685 ξα’

353 1752 438 1794 4sq.
459 1748 657 1784 Salzmann
673 1752 719 1783 22
784 1752 806 1784 5
826 1748 873 1784 cf.
888 1759 945 1794 ep.
964 1751 1056 1784 1170
1071 1751 1110 1784 et
1123 1749 1171 1784 ad
1191 1748 1281 1783 t.111
1297 1751 1378 1792 138,
1391 1752 1425 1783 4.
1451 1747 1651 1784 Salzmann

289 1799 346 1879 ἓξ.
363 1795 713 1879 ῙῖὶοὲοζὲἈΕτὴηίοα
738 1800 846 1842 aosq.
924 1800 966 1831 11
995 1795 1114 1833 Seeck
1139 1800 1220 1831 234.
1248 1800 1329 1832 345.
1357 1795 1522 1831 Silomon
1544 1799 1588 1832 16

363 1954 384 1984 3
409 1949 476 1986 ἵνα
500 1950 589 1987 SVi
649 1954 671 1986 4
697 1951 800 1986 οὐ-
816 1954 838 1986 6
865 1952 1016 1997 ἀριθμῷ
1042 1961 1104 1985 om
1130 1951 1177 1986 Vi
1233 1954 1254 1985 4
1281 1949 1402 1991 εἴποις
1428 1950 1463 1984 V
1482 1948 1575 1985 sed'
1599 1951 1650 1984 e*

291 2008 374 2033 corr
397 2000 434 2033 et
458 2011 495 2034 οι
519 1997 559 2032 in
583 2009 646 2034 ras
671 1998 727 2033 m⁴
801 2001 822 2033 5
847 1997 1069 2038 καππανεύς
1093 1996 1123 2034 S
1152 2001 1158 2041 Ι
1193 1995 1401 2043 ἀμφιάριος
1426 1997 1484 2032 Va
1514 1998 1522 2042 Ι
1555 1994 1596 2033 δὲ
1623 1996 1660 2031 V

291 2045 357 2081 sed
384 2055 405 2080 e
429 2058 468 2081 τε
495 2055 578 2080 corr
602 2045 659 2080 ιιι*
680 2047 687 2091 Ι
709 2044 856 2091 obtul)
883 2046 938 2082 Va
948 2045 999 2082 Vo
1072 2047 1092 2079 6
1121 2042 1201 2080 ἀλλ’
1226 2044 1314 2091 ἔστι]
1339 2044 1439 2080 ἔστιν
1464 2041 1535 2080 οὖν
1561 2044 1607 2080 Vi

293 2096 314 2128 7
341 2092 437 2129 ὅλων
464 2094 499 2129 V
518 2093 584 2128 sed
610 2092 652 2129 ὄλ
678 2093 718 2128 in
744 2103 804 2128 m
830 2092 888 2128 m⁶
925 2092 1045 2128 ἄλλων
1070 2092 1212 2129 δῖ’ἲηᾶ
1235 2091 1344 2127 Wolf
1367 2091 1461 2127 Ceut
1498 2094 1504 2138 Ι
1537 2093 1652 2128 πλου-

290 2146 428 2186 τοῦμεν
453 2141 507 2177 Vo
531 2140 598 2176 sed
623 2141 858 2186 εὐποροῦμεν
883 2140 921 2175 in
949 2151 1056 2187 marg
1076 2143 1082 2184 Ι
1113 2142 1200 2186 post
1225 2136 1399 2185 ῥημάτων
1424 2149 1572 2174 comma
1589 2148 1654 2184 po—

293 2187 352 2223 sui
386 2190 567 2233 punctum
587 2187 676 2223 libri
697 2187 804 2223 Wolf
866 2190 888 2223 8
902 2187 950 2233 δὴ
963 2187 1114 2233 reposui
1134 2198 1154 2223 e
1173 2186 1281 2222 libris
1301 2186 1343 2223 δὲ
1363 2186 1471 2222 Wolf
1487 2187 1494 2232 Ι
1517 2186 1657 2232 „deesse

292 2235 440 2272 videtur
471 2235 541 2279 τὴν
566 2234 728 2281 μικρὰν·
762 2235 818 2271 Re
898 2241 918 2269 υ
945 2233 1034 2271 οὐδὲ
1060 2235 1162 2270 inser
1187 2234 1242 2271 V*
1262 2233 1379 2271 Vind'
1408 2236 1448 2270 et
1477 2233 1518 2269 in
1547 2244 1656 2280 marg

301 2282 372 2319 Vo⁴
409 2294 470 2318 om
499 2283 552 2319 Va
629 2287 672 2319 13
698 2285 751 2332 τῷ
781 2281 923 2318 inserui
949 2284 993 2318 ut
1020 2282 1106 2318 coni
1130 2282 1187 2318 Re
1212 2281 1330 2318 Seeck
1354 2284 1424 2317 345
1466 2278 1509 2317 τὸ
1533 2283 1584 2328 τῷ
1614 2279 1652 2316 in

292 2341 354 2366 raa
386 2334 408 2366 5
443 2330 508 2366 litt
531 2330 632 2366 inser
660 2330 713 2365 V·
762 2341 823 2367 om
851 2330 966 2367 VaVo
985 2329 1092 2366 Wolf
1113 2329 1161 2366 cf.
1187 2340 1244 2375 ep.
1265 2331 1334 2364 378
1353 2340 1390 2374 p.
1411 2331 1552 2371 367,17
1579 2327 1655 2364 ἔστι

294 2377 337 2414 δὲ
363 2375 473 2420 οὗτος
497 2376 678 2424 γενέσθαι
696 2378 825 2424 χώραν
848 2378 951 2424 αὐτῷ
1002 2380 1045 2412 14
1070 2382 1145 2413 τῶν
1164 2381 1252 2412 ante
1270 2379 1376 2412 θεῶν
1395 2375 1502 2411 Wolf
1533 2374 1655 2411 delevi

345 2429 390 2461 15
409 2427 469 2461 δεῖ
486 2425 628 2461 inserui
647 2437 667 2461 e
689 2425 723 2461 V
738 2425 805 2461 sed
824 2424 926 2461 inser
942 2424 1000 2460 ιιι·
1041 2436 1103 2460 om
1130 2425 1185 2461 Va
1195 2424 1246 2460 Vo
1265 2423 1372 2460 Wolf
1427 2427 1470 2460 17
1489 2421 1658 2465 ἐκείνους

294 2472 429 2518 scripsi
455 2484 475 2508 ο
504 2473 536 2508 V
557 2475 601 2509 ut
626 2472 712 2509 coni
738 2472 793 2508 Re
831 2472 991 2514 ἐκείνοις
1014 2471 1131 2509 VaVo
1156 2470 1265 2507 Wolf
