1806 2964
627 212 899 251 EPISTULAE
924 216 1115 250 ano—⁶⁶2
1465 213 1555 257 616

183 323 234 369 οὗ
258 327 385 383 λέγειν
410 327 502 378 ἔδει,
526 327 724 382 πράττων,
749 322 798 368 οὗ
823 327 1006 381 πράττειν
1031 325 1123 377 ἔδει,
1149 327 1302 378 διδούς,
1327 324 1371 367 ἕν
1397 317 1429 383 ᾧ
1454 332 1555 381 χρῆν

184 393 444 435 ἀναλώσαντα
468 393 593 442 δεῖξαι
617 392 691 445 τὴν
716 391 891 434 εὔνοιαν.
916 391 1013 434 ἔστω
1039 391 1090 445 δὴ
1115 392 1224 445 παρὰ
1249 391 1312 433 σοὶ
1338 393 1465 445 τίμιος
1489 391 1556 434 καὶ

184 459 344 512 φύσεως
369 459 499 500 εἵνεκα
522 458 590 500 καὶ
615 465 694 500 τῶν
719 458 819 513 πρὸς
844 456 960 511 ἡμᾶς.

817 576 925 632 φνβ’.
1267 585 1313 621 w
1340 589 1411 622 466
1438 585 1548 632 (Cant
1567 587 1627 629 σε)

658 648 926 708 Ἀνατολίῳ.
960 660 1065 704 (357)

250 739 286 776 1.
304 728 427 776 Ἧκεν
465 733 563 789 ἡμῖν
600 734 640 784 ἒξ
677 730 842 783 Ἰταλίας
877 735 1085 789 γράμματα
1123 735 1323 787 δηλοῦντα
1362 740 1555 778 σοφιστοῦ

185 816 295 850 τινος
319 800 522 851 ὖποξύλου
548 802 792 854 φληνάφους
816 799 884 841 καὶ
909 799 982 841 σὸν
1017 799 1165 855 γέλωτα
1197 799 1269 853 μὲν
1300 801 1357 850 εἰς
1388 799 1556 852 ἐκεῖνον,

185 867 350 908 ἔπαινον
376 866 420 908 δὲ
444 867 501 916 εἰς
526 866 604 920 ἕμέ.
637 866 704 908 ital
729 864 899 925 παρῄνει
925 866 975 920 δὴ
996 866 1042 907 τὰ
1061 867 1270 922 γράμματα
1296 867 1467 921 γράφειν
1493 878 1556 906 σοι

187 931 255 974 καὶ
279 933 456 986 νομίζειν
480 932 642 987 ἀνδρῶν
667 946 710 974 σε
735 932 791 981 εἷς
817 931 883 985 ἐμὲ
908 931 1108 986 βέλτιστον
1132 929 1243 973 εἶναι.
1280 935 1317 972 2.
1344 931 1419 986 ἐγὼ
1446 930 1489 972 δέ
1513 943 1556 971 σε

184 998 345 1054 ἀνδρῶν
371 998 444 1053 μὲν
476 999 576 1048 ὅλως
608 995 711 1040 εἶναι
742 997 942 1053 βέλτιστον
973 998 1094 1040 πάλαι
1129 999 1179 1052 δὴ
1212 1004 1359 1052 ψῆφον
1390 996 1556 1050 ἐθέμην,

184 1067 380 1120 θαυμάζω
400 1065 443 1107 δέ
463 1078 538 1107 σου
557 1065 599 1107 τὸ
620 1064 756 1118 ἐπειδὴ
781 1059 917 1119 ἦρξας,
941 1069 1024 1114 τοῖς
1050 1063 1122 1118 μὲν
1139 1065 1287 1117 ἄλλοις,
1313 1056 1339 1122 ᾗ
1364 1063 1556 1118 πρόσθεν,

185 1131 419 1184 ἐπιστεῖλαι,
449 1132 550 1186 πρὸς
588 1130 631 1172 δὲ
669 1130 735 1184 ἐμὲ
771 1137 888 1172 τοῦτο
927 1130 979 1184 δὴ
1016 1131 1060 1172 τὸ
1098 1131 1245 1180 εἰωθὸς
1283 1130 1338 1184 μὴ
1375 1136 1556 1185 τηρῆσαι.

187 1200 224 1238 3.
247 1197 411 1253 ἀπορῶν
437 1197 487 1251 δὴ
513 1197 557 1238 τὸ
583 1203 741 1251 πρῶτον
766 1203 843 1238 νῦν
869 1196 1033 1250 ἀπορῶν
1057 1195 1313 1250 ἐπαυσάμην·
1346 1194 1557 1251 εὑρηκέναι

186 1264 261 1319 γὰρ
289 1260 413 1317 οἶμαι,
437 1264 569 1306 πόθεν
594 1262 620 1317 ἡ
647 1264 750 1318 σιγή.
787 1262 884 1320 ὁρᾷς
907 1269 987 1304 τῶν
1013 1269 1216 1316 σοφιστῶν
1246 1262 1340 1311 τοὺς
1370 1262 1557 1315 πολλούς,

187 1330 282 1371 ὅταν
307 1346 366 1379 τις
391 1336 471 1371 τῶν
496 1330 634 1379 αὐτοῖς
658 1329 892 1383 ἐπιτηδείων
923 1329 980 1378 εἰς
1011 1327 1137 1384 ἀρχὴν
1168 1327 1328 1386 εἰσέλθῃ
1354 1329 1556 1380 τοιαύτην,

185 1395 277 1437 οἵαν
301 1395 369 1437 καὶ
398 1396 448 1437 σὺ
473 1402 565 1450 νῦν,
590 1394 796 1450 τρέχοντας
815 1395 924 1450 παρὰ
948 1394 1019 1437 τὸν
1036 1394 1207 1449 ἄρχοντα
1233 1394 1327 1449 μετὰ
1351 1393 1471 1449 λόγου
1490 1393 1558 1435 καὶ

189 1463 407 1515 βαλαντίου
441 1461 509 1503 καὶ
543 1462 612 1503 τὸν
645 1460 717 1515 μὲν
751 1461 997 1513 δεικνύντας,
1031 1461 1074 1503 τὸ
1110 1459 1153 1502 δὲ
1188 1460 1374 1510 διδόντας
1407 1459 1475 1501 καὶ
1500 1456 1555 1501 δι’

186 1528 342 1570 ἐκείνου
376 1532 641 1583 πληροῦντας.
690 1530 729 1570 4.
764 1528 917 1577 ἔδεισας
955 1527 1006 1580 δὴ
1046 1527 1100 1580 μὴ
1132 1526 1307 1582 γένωμαι
1337 1525 1406 1568 καὶ
1436 1526 1557 1576 αὐτὸς

186 1601 265 1635 τῶν
302 1593 367 1636 ἐπὶ
405 1600 521 1636 τοῦτο
555 1593 791 1649 τρεχόντων,
828 1593 895 1635 καὶ
934 1593 1000 1634 διὰ
1038 1599 1154 1635 τοῦτο
1189 1593 1239 1647 δὴ
1278 1598 1349 1634 τοῦ
1386 1594 1557 1647 γράφειν

196 1734 240 1769 V.
259 1689 294 1769 4d
314 1685 365 1722 V1
387 1685 434 1744 γ’,
467 1684 555 1732 σμέ.
595 1686 651 1723 Va
684 1685 730 1730 ς’,
755 1685 827 1733 νη’.
867 1686 919 1723 Vo
951 1684 998 1730 ς’,
1023 1685 1095 1732 νη’.
1128 1685 1157 1722 S
1188 1684 1236 1730 δ’,
1267 1685 1339 1722 νδ’.
1383 1685 1432 1722 Vs·
1456 1684 1554 1732 [σο’].

224 1745 266 1770 m
320 1747 389 1780 ομγ

260 1821 282 1853 6
309 1816 454 1853 Βὶθνοτε
481 1820 569 1860 224,
589 1822 624 1855 4.
657 1821 740 1864 237,
756 1821 811 1854 10.
846 1816 964 1854 Seeck
990 1821 1046 1854 6⁸.
1069 1820 1140 1853 ³34
1214 1821 1232 1853 7
1261 1817 1359 1853 Men.
1385 1816 1555 1852 Perinth.

188 1876 282 1902 com.
302 1865 346 1901 fr.
365 1864 417 1900 lv
439 1868 552 1910 188‚·1
567 1865 604 1901 Μ
631 1866 696 1912 <111
718 1870 799 1911 114,
813 1869 882 1903 899
896 1866 957 1913 K).
977 1865 1115 1912 Phryn.
1135 1865 1197 1902 lex
1217 1878 1245 1902 s.
1266 1877 1297 1902 v.
1318 1877 1356 1911 p.
1376 1868 1434 1909 67,
1450 1867 1469 1899 7
1495 1864 1555 1901 ed.

188 1913 338 1950 Bekker
347 1914 388 1950 et
398 1913 537 1950 Aneod.
552 1917 657 1956 1073.
670 1917 726 1950 17.
745 1913 922 1962 Hermog.
936 1913 988 1950 id.
1003 1915 1019 1950 I
1034 1918 1056 1950 6
1075 1916 1102 1950 t.
1117 1913 1264 1957 111226,
1279 1917 1301 1949 6
1311 1912 1372 1949 W.
1387 1924 1417 1949 c.
1439 1912 1553 1948 schol.

187 1964 214 1997 t.
235 1961 285 1997 Ἦ
305 1965 388 2002 228,
403 1964 447 1997 18
474 1962 514 1998 ot
536 1963 564 1998 t.
585 1961 619 1998 v
638 1965 755 2007 486,ss

263 2049 281 2082 1
309 2043 414 2094 οὗ(2)
436 2045 571 2092 scripsi
589 2055 610 2081 ο
630 2046 667 2082 V
705 2044 729 2082 ἃ
747 2046 864 2083 VaVo
883 2045 992 2083 Wolf
1063 2050 1082 2082 7
1104 2046 1177 2082 ὑπὸ
1192 2045 1304 2089 ξύλου
1330 2046 1377 2082 Vi
1450 2048 1472 2080 8
1490 2043 1554 2092 δὴ]

189 2093 256 2129 διὰ
277 2094 324 2131 Vi
359 2093 402 2131 δὲ
415 2093 523 2130 Wolf
569 2097 590 2129 9
611 2104 651 2130 σε
675 2104 738 2130 om
755 2094 849 2132 VVa
858 2093 910 2131 Vo
931 2094 937 2139 Ι
959 2096 1012 2136 εἰς
1031 2093 1093 2141 ἐμὲ
1114 2093 1256 2130 inserui
1275 2104 1296 2130 e
1310 2093 1344 2129 V
1366 2092 1434 2129 sod
1459 2103 1554 2135 erae,

197 2141 250 2178 Va
289 2141 308 2177 ἐ
335 2140 352 2178 ὲ
368 2141 422 2179 Vo
459 2152 521 2178 om
533 2141 563 2179 S
569 2142 616 2179 Vi
624 2142 723 2179 Vina
741 2141 850 2178 Wolf
911 2146 955 2178 10
974 2144 1062 2188 pout
1080 2141 1223 2189 ἐθέμην
1243 2153 1288 2178 ex
1307 2140 1472 2187 epistula
1484 2144 1554 2177 649

190 2189 254 2225 καὶ
317 2203 365 2236 γα
383 2191 434 2237 (p.
456 2193 539 2234 612,
553 2191 613 2234 17)
627 2210 672 2217 --
688 2189 884 2237 ἐπέρχεται
903 2192 952 2237 (p.
970 2194 1052 2235 613,
1066 2191 1102 2233 6)
1121 2190 1260 2226 iterum
1285 2188 1445 2236 praebet
1457 2188 1487 2225 S
1502 2190 1556 2235 (et

191 2237 380 2274 Mediam
399 2239 510 2283 A(—
525 2238 643 2275 Laur.
658 2238 789 2275 LVII
797 2241 862 2285 47)
933 2242 975 2274 11
996 2238 1061 2275 καὶ
1081 2240 1172 2275 ante
1190 2238 1232 2275 τὸ
1259 2237 1287 2274 S
1313 2238 1318 2286 Ι
1345 2236 1470 2278 ἄλλοις
1487 2235 1555 2283 μὲν

200 2285 335 2322 VVind
347 2285 456 2323 Wolf
473 2287 479 2328 Ι
500 2283 524 2332 ἢ
546 2286 600 2323 Va
662 2289 706 2322 12
726 2284 934 2328 ἐπιστείλας
961 2286 1016 2323 Va
1037 2288 1043 2333 Ι
1065 2285 1108 2324 δὲ
1128 2285 1190 2333 ἐμὲ
1204 2284 1339 2332 scripsi
1358 2296 1379 2321 ο
1399 2285 1492 2322 VVa
1503 2285 1556 2322 Vo

190 2333 219 2369 S
231 2333 278 2370 Vi
295 2333 358 2379 ἐμὲ
372 2332 415 2370 δὲ
429 2334 530 2371 Vina
542 2333 650 2370 Wolf
667 2336 673 2380 Ι
695 2333 743 2380 δὴ
757 2345 819 2371 om
830 2333 939 2370 Wolf
952 2334 1001 2371 od
1057 2338 1101 2370 13
1115 2339 1308 2378 τοπρῶτον
1322 2334 1369 2370 Vi
1419 2337 1462 2368 16
1483 2332 1555 2368 ἐἰσ-

190 2380 297 2417 έλθοι
315 2381 480 2418 VaVind
535 2385 579 2418 1‘1
600 2379 826 2430 βαλλαντίου
845 2382 900 2419 Va
908 2382 962 2420 Vo
982 2384 988 2429 Ι
1010 2382 1244 2426 δεικνύντας,
1257 2381 1299 2418 τὸ
1313 2379 1355 2418 δὲ
1377 2379 1556 2422 διδόντας

191 2428 324 2474 scripsi
350 2440 371 2466 e
398 2430 429 2466 V
457 2429 647 2475 διδόντας,
679 2427 722 2467 τὸ
750 2428 792 2466 δὲ
822 2430 1046 2472 δεικνύντας
1071 2430 1224 2467 VaVoS
1237 2429 1336 2466 Vina
1354 2428 1463 2465 Wolf

194 2479 237 2511 19
262 2482 337 2514 τῶν
368 2477 637 2525 ἐπιτυχόντων
659 2478 706 2515 Vi
732 2476 738 2527 Ι
766 2479 944 2515 διατοῦτο
971 2478 1071 2516 Vina
1092 2479 1097 2519 1
1119 2478 1237 2515 τούτω
1259 2477 1315 2514 Va
1324 2478 1375 2513 Vo

1592 665 1610 693 5

1577 1014 1611 1040 10

1577 1344 1610 1370 15
