1806 2964
639 208 911 246 EPISTULAE
937 211 1129 245 265-268
1238 249 1240 251 ,
1490 206 1578 250 255

197 326 420 380 νομίσαντα
450 328 601 365 θᾶττον
632 322 792 371 ἐκείνως
822 316 867 363 εὖ
894 321 1058 375 πράξειν
1084 317 1173 362 οὐδ’
1204 321 1331 370 οὕτως
1356 320 1580 374 ἠδυνήθην

197 392 484 447 ἐγκαταλιπεῖν,
503 386 589 431 ἀλλ’
612 384 669 430 ὧν
690 388 901 441 ἀφεῖλκον,
921 387 986 429 ἐπὶ
1010 393 1136 428 ταῦτα
1161 388 1429 443 συμπράττειν
1453 386 1579 441 ἠναγ-

196 458 377 512 καζόμην
409 456 458 498 οὐ
490 454 686 505 πεπεικὼς
717 455 849 497 ἐκεῖνα
886 454 955 496 καὶ
984 461 1066 496 τῶν
1097 470 1137 496 τε
1171 453 1372 495 ἐνταυθοῖ
1398 464 1579 506 συνεφη-

195 525 343 579 ψάμην
366 522 508 579 παρὼν
532 529 612 563 τῶν
635 537 675 564 τε
700 521 783 563 ἐκεῖ
805 521 872 563 διὰ
897 528 978 563 τῶν
995 521 1240 576 γραμμάτων
1260 519 1490 574 ἐφάπτομαι
1510 520 1579 573 φί-

196 594 279 641 λοις
306 589 379 645 μὲν
405 589 585 631 ἐνταῦθα
609 589 857 644 χρησάμενος
882 588 939 637 εἷς
965 588 1040 642 τὴν
1064 588 1261 642 κρηπῖδα,
1294 588 1398 645 φίλῳ
1425 585 1468 628 δὲ
1493 586 1578 628 ἐπι·
1616 600 1633 627 5

196 656 365 699 στέλλων
397 655 496 710 ὑπὲρ
528 662 600 697 τοῦ
630 654 779 705 τέλους.
820 657 858 695 3.
891 654 997 704 εἰκὸς
1030 653 1074 696 δέ
1105 669 1152 708 με
1183 660 1264 695 τῶν
1295 653 1453 695 ἐκεῖθεν
1478 653 1578 710 ῥᾷον

195 724 424 780 τυγχάνειν,
450 723 500 764 οὐ
525 722 653 775 μόνον
679 721 739 763 ὅτι
765 721 815 762 σὺ
841 720 914 774 μέν
940 736 1009 774 μοι
1033 721 1156 761 πάλαι
1182 720 1321 774 φίλος,
1349 720 1392 761 οἱ
1414 718 1457 760 δὲ
1483 717 1578 774 χθὲς

196 789 251 840 ὣς
281 790 408 832 εἰπεῖν
439 788 620 843 ἕγνωσάν
651 804 691 829 τε
717 787 785 828 καὶ
810 786 1098 842 ἐγνώσθησαν,
1125 782 1208 827 ἀλλ’
1233 786 1294 828 ὅτι
1317 785 1386 827 καὶ
1406 786 1579 838 πολίτην

196 852 242 898 εὖ
274 856 456 909 ποιήσεις
487 855 531 896 ἐν
562 850 624 904 οἷς
654 853 744 908 ἐμοὶ
775 859 902 910 χαριῇ.
948 858 1032 903 τοῖς
1064 852 1107 895 δὲ
1137 859 1255 894 τοῦτο
1288 853 1364 894 οὐκ
1392 851 1577 907 ἐγίγνετο.

196 925 235 964 4.
262 918 346 964 ἀλλ’
371 922 480 971 ὅπως
506 920 561 975 μὴ
587 921 742 978 βοήσῃς
774 919 952 969 ἀκούσας
978 920 1104 974 χάριν.
1142 919 1222 961 ἔστι
1247 919 1324 974 γὰρ
1354 918 1422 960 καὶ
1446 919 1490 961 τὸ
1517 919 1577 959 ‹55-
1598 933 1633 959 ιο

194 1005 312 1031 καιον
324 995 523 1043 τηροῦντα
541 988 785 1042 χαρίσασθαι
803 991 857 1045 τῷ
874 986 973 1041 μέγα
991 985 1221 1044 ποιουμένῳ
1241 986 1295 1040 μὴ
1315 992 1396 1027 τῶν
1411 985 1578 1026 δικαίων

193 1055 267 1105 ἔξω
299 1059 451 1096 παθεῖν
487 1060 633 1103 κακῶς.
676 1051 699 1094 ὃ
731 1052 799 1094 καὶ
831 1059 911 1094 νῦν
945 1053 1041 1102 ἴσως
1066 1052 1185 1094 ἔσται.
1230 1059 1310 1093 τῶν
1334 1052 1578 1107 πραγμάτων

194 1122 270 1177 γὰρ
295 1120 520 1174 ἀφιέντων,
545 1118 597 1161 ἂν
623 1119 678 1174 μὴ
703 1120 747 1161 τὸ
774 1119 846 1160 σὸν
872 1118 1055 1176 ἀντιστῇ,
1081 1118 1145 1160 σοὶ
1170 1119 1245 1173 τὴν
1270 1119 1385 1174 χάριν
1411 1118 1484 1173 οὐχ
1508 1112 1577 1171 ἥτ-

193 1204 265 1230 τον
289 1186 316 1242 ἢ
342 1191 426 1236 τοῖς
449 1187 654 1241 πράγμασι
679 1186 888 1241 σχήσομεν.
927 1185 995 1226 καὶ
1021 1185 1149 1234 οὕτως
1168 1183 1194 1238 ἡ
1217 1185 1334 1234 πόλις
1353 1183 1475 1226 οὐδὲν
1493 1183 1578 1225 ἀδι-

194 1254 369 1308 κήσεται,
395 1253 445 1294 σὺ
472 1251 518 1294 δ’
539 1251 638 1307 ἡμῖν
662 1252 706 1294 ἐν
731 1251 953 1307 εὐεργέταις
977 1252 1172 1309 γεγράψῃ.
1598 1266 1632 1293 ιε

834 1396 931 1451 σξη’.
1502 1404 1553 1439 W
1579 1407 1647 1439 271

686 1486 930 1540 Γερμανῷ.
968 1493 1076 1537 (360)

256 1572 294 1610 1.
316 1564 422 1623 Ἐγώ
447 1579 490 1610 σε
516 1567 628 1609 οὔπω
656 1567 728 1621 μὲν
754 1563 878 1621 εἶδον,
911 1567 1012 1609 ἰδεῖν
1032 1566 1075 1609 δὲ
1094 1566 1297 1620 ἐπιθυμῶ,
1317 1570 1422 1620 φιλῶ
1448 1565 1578 1608 δὲκαὶ

191 1633 287 1691 πρὶν
313 1634 429 1675 ἰδεῖν·
469 1635 574 1676 οὕτω
599 1633 727 1675 πολλὰ
751 1633 819 1675 καὶ
850 1633 952 1674 καλὰ
976 1630 1073 1688 παρ’
1097 1633 1258 1688 ἀνδρῶν
1286 1637 1419 1675 καλῶν
1444 1648 1484 1674 τε
1509 1632 1578 1673 καὶ

193 1699 363 1756 ἀγαθῶν
389 1700 613 1756 ἀγγέλλεται
631 1700 721 1755 περὶ
741 1707 827 1742 σοῦ.
866 1703 1064 1753 φιλοῦντα
1084 1699 1127 1742 δὲ
1148 1700 1202 1754 μὴ
1222 1699 1291 1741 καὶ
1310 1704 1482 1755 θαρρεῖν
1506 1700 1575 1753 χά-
1595 1717 1631 1744 20

192 1782 258 1822 ριν
289 1767 414 1808 αἰτεῖν
445 1766 489 1808 ἕν
519 1783 558 1808 τι
588 1773 668 1808 τῶν
700 1766 862 1809 ἀτόπων
891 1765 1089 1822 ἡγούμην.
1131 1770 1169 1810 2.
1195 1767 1291 1807 αἰτῶ
1318 1767 1368 1820 δή
1396 1778 1439 1807 σε
1464 1765 1577 1808 τονδὶ

191 1833 262 1875 τὸν
282 1834 507 1887 νεανίσκον,
529 1829 751 1888 Ὑπερέχιος
771 1832 899 1887 ὄνομα
919 1833 1042 1891 αὐτῷ,
1068 1833 1164 1887 μετὰ
1182 1833 1316 1887 πάσης
1334 1831 1577 1889 ἡμερότητος

268 1965 312 1998 16
346 1962 415 1999 Vn
430 1961 480 2008 α’,
506 1962 576 1999 ον’.
610 1963 667 1999 Va
694 1961 741 2009 γ’,
767 1961 826 2006 ξς’
871 1963 923 1999 Vo
949 1961 995 2009 γ’,
1022 1962 1065 2007 ξς

265 2085 285 2117 '1
313 2081 519 2119 Salzmann
533 2086 578 2118 '13
631 2086 676 2119 15
689 2082 788 2119 Plat.
804 2082 918 2131 Gorg.
939 2095 978 2129 p.
994 2086 1064 2119 506
1076 2082 1104 2120 C
1156 2086 1199 2118 1'1
1215 2082 1264 2119 cf.
1278 2094 1336 2129 ep.
1352 2086 1434 2119 26⁷.
1455 2082 1576 2120 Seeck

192 2133 273 2167 168.
301 2134 383 2167 371.
411 2130 582 2167 Silomon
600 2135 647 2167 48
698 2135 744 2167 22
771 2131 818 2168 of.
841 2142 900 2178 ep.
920 2134 991 2167 2⁶7

266 2255 285 2286 1
313 2249 466 2293 ἐκείνως
488 2251 645 2298 reposui
670 2263 692 2288 e
715 2251 826 2288 libris
876 2250 1036 2294 ἐκείνοις
1060 2251 1171 2288 Wolf
1198 2252 1267 2288 sed
1301 2252 1454 2298 „malim
1479 2252 1574 2289 ἐκεί-

196 2301 295 2336 νων“
321 2301 328 2346 Ι
357 2299 557 2347 ἐδυνήθην
584 2301 640 2337 Va
708 2303 729 2336 2
757 2300 934 2346 ἐφεῖλκον
962 2301 1019 2337 Va
1029 2301 1080 2338 Vo
1106 2300 1173 2336 sed
1198 2300 1239 2336 in
1265 2300 1339 2337 hoc
1364 2301 1389 2337 ἀ
1415 2311 1532 2347 supra
1556 2302 1576 2338 ἑ

193 2346 251 2382 m⁸
324 2351 346 2384 3
371 2349 589 2395 πεποιηκὼς
613 2348 703 2384 libri
729 2348 796 2385 sed
823 2362 856 2385 ει
882 2360 997 2395 supra
1022 2362 1084 2395 οιη
1113 2348 1184 2385 Vo⁸
1257 2352 1280 2384 4
1306 2350 1449 2385 διατῶν
1482 2349 1538 2386 Va

193 2398 215 2431 5
241 2394 412 2442 κρηπίδα
438 2397 496 2433 Va
563 2401 585 2434 6
611 2394 716 2444 ῤ’άων
744 2397 800 2434 Va
878 2401 898 2433 ‘1
925 2395 969 2433 δὲ
995 2396 1090 2444 χθὲς
1115 2396 1252 2444 scripsi
1285 2397 1324 2433 δ’
1347 2398 1459 2445 ἐχθὲς
1483 2396 1575 2433 libri

193 2443 235 2480 δὲ
239 2443 387 2530 affin}
396 2444 507 2481 Wolf
578 2449 623 2481 13
649 2457 742 2481 num
768 2444 978 2492 ἐφιέντωνῗ
1054 2448 1099 2481 15
1120 2444 1212 2481 οὐθ’
1243 2445 1300 2482 Va
1371 2449 1480 2492 19sq.
1506 2446 1574 2481 κά-

189 2505 239 2538 γα
271 2497 324 2530 ὢν
381 2504 407 2530 α
