1806 2964
633 217 904 254 EmSTULAE
930 220 1121 254 388-390
1218 194 1221 196 ’
1473 215 1558 258 381

186 334 337 383 ἱκανῶς
361 333 666 388 τεθεράπευται·
693 332 768 373 εἴτε
794 331 874 373 ἔδει
898 330 992 380 τοὺς
1017 329 1263 385 ἀνθρώπους
1283 332 1432 382 μαθεῖν
1458 328 1566 376 ὅστις

188 395 228 442 εἷ
257 399 359 454 πρὸς
394 398 511 452 ἥλιον
536 396 754 453 φλέγοντα,
779 403 850 451 τῆς
869 394 1114 452 Ἡρακλέους
1138 395 1344 450 καρτερίας
1369 395 1419 436 οὐ
1444 397 1564 436 λελεῖ-

187 469 299 518 φθαι
322 465 464 515 δοκεῖς.
512 467 551 506 2.
575 465 616 505 τί
637 458 713 505 οὖν
737 463 856 505 πόλιν
881 463 1057 518 μεγάλην
1082 461 1149 503 καὶ
1174 461 1300 515 καλὴν
1325 462 1566 510 κατατείνεις

188 531 354 587 ἐρῶσαν,
385 523 412 590 ᾖ
439 531 601 586 χάριτας
626 528 700 583 μὲν
725 528 898 583 ὀφείλεις
921 535 993 571 τοῦ
1026 530 1216 583 φίλτρου,
1249 527 1490 582 μέμψασθαι
1521 526 1565 568 δὲ

186 597 264 640 οὐκ
288 597 406 652 &xus-3
459 600 497 638 3.
523 592 626 651 ἀλλ’,
661 592 693 638 ὦ
717 600 887 651 γενναῖε,
922 595 1091 645 συνθεὶς
1121 594 1344 649 ἀπολογίαν
1368 588 1440 647 ἧκε
1465 591 1559 646 παρ’
1602 606 1619 634 5

185 662 338 718 ἄνδρας
362 662 644 718 ἠδικημένους.
686 661 764 704 κᾶν
787 661 864 718 γὰρ
889 661 1032 703 αὐτίκα
1058 667 1209 718 φανῇς,
1235 660 1258 702 ὅ
1281 675 1325 715 γε
1349 659 1566 715 παρελθὼν

187 729 331 786 χρόνος
361 729 526 772 ἀπαιτεῖ
548 729 717 785 ῥήτορος
741 727 894 783 τέχνην.
938 728 1098 777 πάντως
1130 726 1174 769 δὲ
1199 726 1320 769 οὐδέν
1345 739 1388 768 σε
1413 727 1563 780 δεῖμι-

187 800 398 838 σθοῦσθαι
416 796 486 838 τὸν
504 795 675 852 ἐροῦντα
693 794 865 844 πολλοὺς
884 794 1008 837 αὐτὸν
1026 792 1108 847 ’ἤδη
1133 793 1333 835 σεσωκότα
1357 801 1406 851 τῇ
1432 800 1563 851 φωνῇ.

829 913 904 967 vq'.
1266 922 1316 957 W
1341 925 1411 958 393
1436 922 1549 968 (Ceut
1574 923 1637 966 61)

678 985 913 1044 Ἱεροκλεῖ.
965 998 1071 1041 (355)
1585 1003 1620 1029 ιο

253 1077 289 1114 1.
316 1073 373 1114 Εἰ
392 1073 436 1116 τὸ
455 1079 526 1127 τῆς
545 1074 754 1126 δυνάμεως
773 1072 916 1114 ἐλάττω
936 1076 1068 1114 ποιεῖν
1088 1071 1229 1114 ἑκόντα
1248 1072 1450 1128 ῥᾳθυμεῖν
1468 1070 1563 1125 ἐστι,

186 1139 326 1196 πόρρω
350 1146 421 1193 τῆς
446 1139 575 1189 αἰτίας
599 1138 686 1194 ἐγώ.
722 1139 942 1194 βραχύτερα
967 1138 1040 1192 μὲν
1064 1138 1140 1193 γὰρ
1165 1136 1192 1192 ἢ
1218 1137 1239 1180 ὁ
1266 1138 1405 1191 καιρὸς
1423 1135 1564 1195 ἀπῄτει

187 1204 388 1261 γέγραφα,
423 1206 544 1247 πλείω
579 1205 622 1248 δὲ
648 1205 723 1247 οὐκ
748 1202 855 1260 εἶχον
880 1201 950 1246 ὑπ’
980 1204 1212 1260 ἀρρωστίας.
1264 1207 1302 1245 2.
1329 1204 1403 1257 τὴν
1429 1203 1564 1257 με’ντοι

187 1272 402 1326 συμβᾶσαν
426 1284 490 1313 σοι
523 1272 625 1328 πρὸς
654 1272 724 1313 τὸν
748 1270 877 1326 ἄνδρα
901 1270 1061 1313 τουτονὶ
1084 1270 1260 1325 ταραχὴν
1285 1271 1374 1311 ἴσθι
1407 1270 1564 1325 μακρὰν

189 1335 288 1391 ἡμῖν
312 1337 520 1393 γεγονέναι
545 1338 772 1394 συμφοράν.
811 1338 854 1379 τὸ
873 1337 949 1393 γὰρ
975 1336 1047 1386 οὓς
1066 1337 1173 1386 εἰκὸς
1199 1332 1250 1391 ἦν
1269 1338 1437 1391 μάλιστα
1462 1349 1562 1390 συμ-
1584 1355 1618 1381 15

188 1407 320 1458 πνεῖν,
343 1405 512 1454 τούτους
543 1403 644 1459 ὁρᾶν
668 1404 713 1446 ἐν
738 1405 870 1446 στάσει
894 1403 962 1445 καὶ
986 1409 1040 1463 τῷ
1067 1402 1291 1460 γιγνομένῳ
1317 1402 1391 1457 μὲν
1416 1402 1564 1458 ἀλγεῖν,

187 1477 341 1512 παῦσαι
366 1469 409 1512 δὲ
440 1470 538 1513 αὐτὸ
564 1471 619 1525 μὴ
646 1472 851 1513 δύνασθαι
881 1477 966 1521 πῶς
1003 1471 1078 1512 οὐκ
1103 1469 1194 1524 ἐμοί
1215 1486 1254 1511 τε
1279 1469 1345 1511 καὶ
1371 1474 1453 1519 τοῖς
1477 1474 1563 1519 σοῖς

187 1536 378 1590 ἀδελφοῖς
402 1536 470 1579 καὶ
494 1544 618 1578 πᾶσιν
644 1533 705 1587 οἷς
730 1536 869 1579 εὔνοια
891 1532 998 1593 Ιπρὸς
1023 1536 1071 1577 τὰ
1097 1536 1147 1578 σὰ
1172 1532 1362 1590 νομίζοιτ’
1385 1535 1438 1577 ἂν
1459 1549 1560 1590 συμ-

189 1604 317 1659 φοράς
367 1606 406 1644 3.
432 1601 454 1644 ὃ
482 1602 526 1645 δέ
549 1619 592 1658 γε
626 1604 771 1645 τούτου
807 1605 1046 1658 δεινότερον,
1078 1604 1223 1657 οἴχεται
1247 1603 1505 1658 Χρωμάτιος,
1532 1598 1563 1643 ὦ

190 1672 271 1710 Ζεῦ
295 1669 363 1710 καὶ
388 1670 494 1723 θεοί,
518 1669 586 1710 καὶ
610 1670 731 1711 πάλιν
758 1669 832 1725 ε’ρῶ
858 1670 1109 1724 Χρωμάτιος,
1139 1668 1183 1719 ὃς
1208 1669 1365 1722 ἐκόσμει
1391 1668 1463 1722 μὲν
1488 1669 1562 1723 τὴν
1583 1686 1618 1713 zo

260 1778 281 1809 9
315 1775 366 1811 VI
387 1773 434 1820 γ’,
458 1773 510 1810 π’.
538 1775 595 1811 Va
614 1774 656 1820 ε’,
676 1774 716 1818 ζ’.
746 1775 796 1811 Vo
817 1774 858 1820 ε’,
878 1775 920 1818 ζ.
940 1775 970 1812 S
986 1772 1034 1822 β’,
1053 1774 1125 1811 noe'.
1155 1775 1200 1811 Vi
1221 1774 1321 1822 [ρη’].
1351 1774 1451 1811 Vind
1470 1773 1560 1820 ρμθ’

266 1873 310 1907 10
336 1869 482 1907 Sievers
509 1874 554 1906 62
579 1872 657 1908 not.
679 1875 710 1907 2.
739 1871 856 1908 Seeck
884 1875 965 1908 176.
986 1874 1055 1908 319
1126 1875 1170 1907 19
1191 1870 1310 1907 Seeck
1337 1874 1404 1906 107
1428 1870 1433 1917 1
1457 1870 1562 1906 Dom.

190 1929 266 1955 cor.
285 1921 306 1962 ἓ
326 1921 396 1955 285
416 1930 451 1964 p.
469 1922 551 1962 321,
567 1923 584 1954 1

266 2019 285 2051 1
313 2014 493 2051 sl'v’Vind
541 2019 563 2050 2
583 2015 786 2061 προςήλιον
797 2016 850 2052 Va
872 2018 878 2063 Ι
899 2021 966 2063 τῆς
974 2017 1014 2052 οὺ
1026 2013 1225 2062 καρτερίας
1242 2016 1396 2062 reposui
1415 2027 1435 2052 ο
1454 2015 1562 2052 libris

191 2062 262 2109 τὴν
287 2064 327 2099 et
350 2062 552 2109 καρτερίαν
577 2063 686 2100 Wolf
715 2069 806 2110 „aut
828 2070 895 2101 τοῦ
917 2063 1146 2110 “Ηρακλέους
1175 2064 1230 2106 εἰς
1259 2062 1463 2110 καρτερίαν
1495 2065 1561 2112 leq.

191 2116 260 2147 aut
284 2116 350 2158 τῆς
369 2109 602 2156 Ἡρακλέους
626 2111 828 2158 καρτερίας
847 2116 916 2149 aut
932 2112 1003 2159 τὴν
1014 2111 1220 2158 καρτερίαν
1240 2110 1490 2158 ‘Homul-4022&
1506 2112 1564 2148 Re

229 2162 251 2195 6
276 2157 350 2196 κᾶν
376 2158 447 2205 γὰρ
480 2158 619 2196 αὐτίκα
643 2159 778 2206 scripsi
804 2171 826 2196 Θ
858 2161 926 2198 VS
956 2161 1021 2197 eod
1057 2161 1097 2196 in
1128 2161 1201 2197 hoc
1229 2174 1274 2206 γρ
1309 2161 1375 2197 καὶ
1408 2160 1480 2207 γὰρ
1514 2159 1564 2197 ἂν

193 2218 378 2254 suprascr,
400 2208 447 2244 Vi
465 2207 530 2243 καὶ
556 2207 628 2254 γὰρ
647 2209 765 2253 ῘῙαῐῘο
800 2210 865 2245 καὶ
891 2209 964 2256 γὰρ
991 2207 1041 2246 ἂν
1068 2210 1169 2246 Vind
1193 2208 1302 2245 Wolf
1318 2211 1324 2253 Ι
1346 2209 1484 2255 φανεὶς
1511 2210 1563 2246 Vo

195 2258 216 2290 ’1
242 2257 479 2302 μισθοῦσθαι
496 2256 532 2292 V
553 2256 621 2292 sed
637 2258 730 2303 θ(1)
755 2268 930 2303 suprascr
947 2257 1005 2293 m⁶
1066 2260 1088 2293 8
1108 2257 1269 2302 ἐροῦντα
1296 2258 1332 2294 V
1352 2257 1419 2292 sed
1444 2270 1491 2294 ου
1516 2268 1563 2294 ex

193 2317 223 2339 ω
249 2314 333 2340 corr
356 2303 414 2339 m⁴
435 2306 441 2350 Ι
462 2308 507 2351 τῇ
533 2309 642 2352 φωνῇ
662 2305 851 2341 σεσωκότα
869 2306 899 2343 S
910 2305 958 2341 Vi
1027 2309 1072 2342 10
1091 2303 1238 2353 βιβλίον
1257 2308 1274 2341 ἓ
1295 2313 1384 2341 ante
1406 2305 1567 2351 ἱεροκλετ

202 2352 258 2388 Va
267 2352 319 2388 Vo
374 2355 419 2388 14
441 2362 506 2446 1·ἰὲ
522 2356 543 2388 2
557 2351 620 2388 litt
638 2353 728 2390 ante
740 2353 890 2400 μακρὰν
906 2355 942 2391 V
958 2356 964 2400 Ι
985 2353 1137 2401 μακρὰν
1153 2354 1262 2391 Vsed
1277 2367 1302 2390 α
1316 2364 1361 2389 ex
1379 2367 1393 2390 ι
1412 2365 1495 2390 corr
1507 2355 1564 2390 m⁶

313 2413 359 2446 νο
372 2412 458 2446 wo
506 2414 577 2447 νην

245 2451 290 2484 15
320 2447 520 2494 γεγονέναι
544 2448 575 2486 aS'
614 2448 819 2495 γενομένην
845 2450 945 2486 Vind
1008 2453 1052 2486 16
1078 2448 1263 2498 γινομένῳ
1290 2451 1327 2486 V
1384 2454 1428 2487 1⁷
1455 2449 1492 2487 δ’
1518 2452 1566 2488 Vi

195 2498 242 2532 20
266 2500 314 2542 γῆ
342 2496 379 2532 V
398 2496 465 2532 sed
490 2510 534 2542 γρ
560 2499 622 2540 ζεῦ
647 2507 822 2544 suprascr
845 2498 902 2534 m⁸
924 2500 929 2544 Ι
951 2498 1019 2544 μὲν
1046 2499 1083 2535 V
1103 2499 1169 2534 sed
1194 2498 1296 2534 inser
1321 2498 1378 2534 m¹
