<?xml version="1.0" encoding="UTF-8"?>
<!DOCTYPE html PUBLIC "-//W3C//DTD XHTML 1.0 Transitional//EN"
    "http://www.w3.org/TR/xhtml1/DTD/xhtml1-transitional.dtd">
<html xmlns="http://www.w3.org/1999/xhtml" xml:lang="en" lang="en">
 <head>
  <title>
</title>
<meta http-equiv="Content-Type" content="text/html;charset=utf-8" />
  <meta name='ocr-system' content='tesseract 3.04.00' />
  <meta name='ocr-capabilities' content='ocr_page ocr_carea ocr_par ocr_line ocrx_word'/>
</head>
<body>
  <div class='ocr_page' id='page_1' title='image "./operarecensuitri10libauoft_0063.png"; bbox 0 0 1806 2964; ppageno 0'>
   <div class='ocr_carea' id='block_1_1' title="bbox 658 190 1576 259">
    <p class='ocr_par' dir='ltr' id='par_1_1' title="bbox 658 190 1576 259">
     <span class='ocr_line' id='line_1_1' title="bbox 658 190 1576 259; baseline 0 -11"><span class='ocrx_word' id='word_1_1' title='bbox 658 212 929 249; x_wconf 80' lang='lat' dir='ltr'>EPISTULAE</span> <span class='ocrx_word' id='word_1_2' title='bbox 955 216 1098 250; x_wconf 75' lang='lat'><strong>50-52</strong></span> <span class='ocrx_word' id='word_1_3' title='bbox 1214 190 1217 192; x_wconf 59' lang='grc'><strong>’</strong></span> <span class='ocrx_word' id='word_1_4' title='bbox 1520 215 1576 259; x_wconf 86' lang='lat'><strong><em>51</em></strong></span> 
     </span>
    </p>
   </div>
   <div class='ocr_carea' id='block_1_2' title="bbox 198 326 1583 717">
    <p class='ocr_par' dir='ltr' id='par_1_2' title="bbox 198 326 1583 717">
     <span class='ocr_line' id='line_1_2' title="bbox 198 326 1581 382; baseline 0.001 -14"><span class='ocrx_word' id='word_1_5' title='bbox 198 328 437 369; x_wconf 79' lang='grc' dir='ltr'><strong><em>Αὐτολύκου</em></strong></span> <span class='ocrx_word' id='word_1_6' title='bbox 469 328 512 369; x_wconf 93' lang='grc' dir='ltr'><strong><em>τὸ</em></strong></span> <span class='ocrx_word' id='word_1_7' title='bbox 544 326 724 368; x_wconf 73' lang='grc' dir='ltr'><strong><em>κλέπτειν</em></strong></span> <span class='ocrx_word' id='word_1_8' title='bbox 750 327 974 368; x_wconf 83' lang='grc' dir='ltr'><strong><em>Μελιτίδου</em></strong></span> <span class='ocrx_word' id='word_1_9' title='bbox 1007 342 1046 368; x_wconf 90' lang='grc' dir='ltr'><strong><em>τε</em></strong></span> <span class='ocrx_word' id='word_1_10' title='bbox 1078 326 1121 368; x_wconf 89' lang='grc' dir='ltr'><strong><em>τὸ</em></strong></span> <span class='ocrx_word' id='word_1_11' title='bbox 1154 328 1370 382; x_wconf 88' lang='grc' dir='ltr'><strong><em>μωραίνειν</em></strong></span> <span class='ocrx_word' id='word_1_12' title='bbox 1404 327 1502 382; x_wconf 80' lang='grc' dir='ltr'><strong><em>ἐμόν</em></strong></span> <span class='ocrx_word' id='word_1_13' title='bbox 1527 344 1581 382; x_wconf 89' lang='grc' dir='ltr'><strong><em>τε,</em></strong></span> 
     </span>
     <span class='ocr_line' id='line_1_3' title="bbox 198 389 1581 449; baseline 0.001 -14"><span class='ocrx_word' id='word_1_14' title='bbox 198 394 236 435; x_wconf 80' lang='grc' dir='ltr'><strong><em>εἰ</em></strong></span> <span class='ocrx_word' id='word_1_15' title='bbox 258 393 382 443; x_wconf 87' lang='grc' dir='ltr'><strong><em>κακὸς</em></strong></span> <span class='ocrx_word' id='word_1_16' title='bbox 407 393 499 449; x_wconf 76' lang='grc' dir='ltr'><strong><em>ἐγώ,</em></strong></span> <span class='ocrx_word' id='word_1_17' title='bbox 524 393 567 435; x_wconf 89' lang='grc' dir='ltr'><strong><em>τὸ</em></strong></span> <span class='ocrx_word' id='word_1_18' title='bbox 592 393 687 442; x_wconf 86' lang='grc' dir='ltr'><strong><em>τοὺς</em></strong></span> <span class='ocrx_word' id='word_1_19' title='bbox 713 394 860 446; x_wconf 88' lang='grc' dir='ltr'><strong><em>φίλους</em></strong></span> <span class='ocrx_word' id='word_1_20' title='bbox 888 393 1054 435; x_wconf 84' lang='grc' dir='ltr'><strong><em>ἀδικεῖν.</em></strong></span> <span class='ocrx_word' id='word_1_21' title='bbox 1090 397 1128 437; x_wconf 85' lang='grc'><strong><em>2.</em></strong></span> <span class='ocrx_word' id='word_1_22' title='bbox 1155 394 1251 435; x_wconf 79' lang='grc' dir='ltr'><strong><em>ὅταν</em></strong></span> <span class='ocrx_word' id='word_1_23' title='bbox 1274 389 1351 436; x_wconf 77' lang='grc' dir='ltr'><strong><em>οὖν</em></strong></span> <span class='ocrx_word' id='word_1_24' title='bbox 1377 410 1424 448; x_wconf 88' lang='grc' dir='ltr'><strong><em>με</em></strong></span> <span class='ocrx_word' id='word_1_25' title='bbox 1448 395 1581 447; x_wconf 81' lang='grc' dir='ltr'><strong><em>καθή-</em></strong></span> 
     </span>
     <span class='ocr_line' id='line_1_4' title="bbox 199 456 1581 518; baseline 0.001 -16"><span class='ocrx_word' id='word_1_26' title='bbox 199 477 273 518; x_wconf 83' lang='grc' dir='ltr'><strong><em>ρῃς</em></strong></span> <span class='ocrx_word' id='word_1_27' title='bbox 297 467 369 515; x_wconf 83' lang='grc' dir='ltr'><strong><em>τῆς</em></strong></span> <span class='ocrx_word' id='word_1_28' title='bbox 392 461 604 516; x_wconf 82' lang='grc' dir='ltr'><strong><em>πονηρίας,</em></strong></span> <span class='ocrx_word' id='word_1_29' title='bbox 631 460 710 501; x_wconf 72' lang='grc' dir='ltr'><strong><em>ἔστι</em></strong></span> <span class='ocrx_word' id='word_1_30' title='bbox 735 461 811 516; x_wconf 76' lang='grc' dir='ltr'><strong><em>γάρ</em></strong></span> <span class='ocrx_word' id='word_1_31' title='bbox 837 473 901 502; x_wconf 88' lang='grc' dir='ltr'><strong><em>σοι</em></strong></span> <span class='ocrx_word' id='word_1_32' title='bbox 927 459 994 501; x_wconf 82' lang='grc' dir='ltr'><strong><em>καὶ</em></strong></span> <span class='ocrx_word' id='word_1_33' title='bbox 1020 460 1110 515; x_wconf 84' lang='grc' dir='ltr'><strong><em>περὶ</em></strong></span> <span class='ocrx_word' id='word_1_34' title='bbox 1135 461 1277 515; x_wconf 83' lang='grc' dir='ltr'><strong><em>ψυχὴν</em></strong></span> <span class='ocrx_word' id='word_1_35' title='bbox 1304 460 1377 516; x_wconf 79' lang='grc' dir='ltr'><strong><em>οὐχ</em></strong></span> <span class='ocrx_word' id='word_1_36' title='bbox 1402 456 1522 515; x_wconf 79' lang='grc' dir='ltr'><strong><em>ἧττον</em></strong></span> <span class='ocrx_word' id='word_1_37' title='bbox 1554 460 1581 515; x_wconf 82' lang='grc' dir='ltr'><strong>ἢ</strong></span> 
     </span>
     <span class='ocr_line' id='line_1_5' title="bbox 199 526 1583 583; baseline 0.001 -15"><span class='ocrx_word' id='word_1_38' title='bbox 199 527 246 568; x_wconf 80' lang='grc' dir='ltr'><strong><em>τὰ</em></strong></span> <span class='ocrx_word' id='word_1_39' title='bbox 271 528 434 581; x_wconf 81' lang='grc' dir='ltr'><strong><em>σώματα</em></strong></span> <span class='ocrx_word' id='word_1_40' title='bbox 458 526 593 582; x_wconf 73' lang='grc' dir='ltr'><strong><em>τέχνη.</em></strong></span> <span class='ocrx_word' id='word_1_41' title='bbox 618 527 703 568; x_wconf 87' lang='grc' dir='ltr'><strong><em>τότε</em></strong></span> <span class='ocrx_word' id='word_1_42' title='bbox 735 543 815 581; x_wconf 87' lang='grc' dir='ltr'><strong><em>μου</em></strong></span> <span class='ocrx_word' id='word_1_43' title='bbox 841 527 916 581; x_wconf 77' lang='grc' dir='ltr'><strong><em>τὴν</em></strong></span> <span class='ocrx_word' id='word_1_44' title='bbox 947 527 1066 582; x_wconf 79' lang='grc' dir='ltr'><strong><em>σιγὴν</em></strong></span> <span class='ocrx_word' id='word_1_45' title='bbox 1098 528 1232 569; x_wconf 81' lang='grc' dir='ltr'><strong><em>αἰτιῶ·</em></strong></span> <span class='ocrx_word' id='word_1_46' title='bbox 1266 527 1401 569; x_wconf 80' lang='grc' dir='ltr'><strong><em>δεινὸν</em></strong></span> <span class='ocrx_word' id='word_1_47' title='bbox 1426 527 1502 583; x_wconf 81' lang='grc' dir='ltr'><strong><em>γὰρ</em></strong></span> <span class='ocrx_word' id='word_1_48' title='bbox 1528 527 1583 578; x_wconf 79' lang='grc' dir='ltr'><strong><em>ὡς</em></strong></span> 
     </span>
     <span class='ocr_line' id='line_1_6' title="bbox 200 593 1583 652; baseline 0.001 -17"><span class='ocrx_word' id='word_1_49' title='bbox 200 594 366 648; x_wconf 83' lang='grc' dir='ltr'><strong><em>ἀληθῶς</em></strong></span> <span class='ocrx_word' id='word_1_50' title='bbox 391 593 553 649; x_wconf 78' lang='grc' dir='ltr'><strong><em>ἀγαθὸν</em></strong></span> <span class='ocrx_word' id='word_1_51' title='bbox 580 593 676 635; x_wconf 77' lang='grc' dir='ltr'><strong><em>ὄντα</em></strong></span> <span class='ocrx_word' id='word_1_52' title='bbox 702 610 749 647; x_wconf 87' lang='grc' dir='ltr'><strong><em>με</em></strong></span> <span class='ocrx_word' id='word_1_53' title='bbox 774 601 938 635; x_wconf 85' lang='grc' dir='ltr'><strong><em>τοιαῦτα</em></strong></span> <span class='ocrx_word' id='word_1_54' title='bbox 969 599 1112 636; x_wconf 81' lang='grc' dir='ltr'><strong><em>ποιεῖν.</em></strong></span> <span class='ocrx_word' id='word_1_55' title='bbox 1151 594 1226 644; x_wconf 78' lang='grc' dir='ltr'><strong><em>ἕως</em></strong></span> <span class='ocrx_word' id='word_1_56' title='bbox 1252 594 1297 636; x_wconf 78' lang='grc' dir='ltr'><strong><em>δέ</em></strong></span> <span class='ocrx_word' id='word_1_57' title='bbox 1323 610 1368 646; x_wconf 84' lang='grc' dir='ltr'><strong><em>με</em></strong></span> <span class='ocrx_word' id='word_1_58' title='bbox 1394 599 1583 652; x_wconf 77' lang='grc' dir='ltr'><strong><em>περιορᾷς</em></strong></span> 
     </span>
     <span class='ocr_line' id='line_1_7' title="bbox 200 660 1312 717; baseline -0.001 -15"><span class='ocrx_word' id='word_1_59' title='bbox 200 661 371 716; x_wconf 80' lang='grc' dir='ltr'><strong><em>γέμοντα</em></strong></span> <span class='ocrx_word' id='word_1_60' title='bbox 395 662 609 714; x_wconf 79' lang='grc' dir='ltr'><strong><em>πονηρίας,</em></strong></span> <span class='ocrx_word' id='word_1_61' title='bbox 634 660 780 715; x_wconf 83' lang='grc' dir='ltr'><strong><em>ἀνέχου</em></strong></span> <span class='ocrx_word' id='word_1_62' title='bbox 806 667 886 701; x_wconf 85' lang='grc' dir='ltr'><strong><em>τῶν</em></strong></span> <span class='ocrx_word' id='word_1_63' title='bbox 911 660 990 702; x_wconf 81' lang='grc' dir='ltr'><strong><em>ἀπὸ</em></strong></span> <span class='ocrx_word' id='word_1_64' title='bbox 1009 668 1081 715; x_wconf 83' lang='grc' dir='ltr'><strong><em>τῆς</em></strong></span> <span class='ocrx_word' id='word_1_65' title='bbox 1105 663 1312 717; x_wconf 86' lang='grc' dir='ltr'><strong><em>πονηρίας.</em></strong></span> 
     </span>
    </p>
   </div>
   <div class='ocr_carea' id='block_1_3' title="bbox 700 853 1583 1018">
    <p class='ocr_par' dir='ltr' id='par_1_3' title="bbox 700 853 1583 1018">
     <span class='ocr_line' id='line_1_8' title="bbox 855 853 1583 908; baseline 0.004 -12"><span class='ocrx_word' id='word_1_66' title='bbox 855 853 928 908; x_wconf 85' lang='grc' dir='ltr'><strong><em>νβ’.</em></strong></span> <span class='ocrx_word' id='word_1_67' title='bbox 1537 864 1583 899; x_wconf 94' lang='lat' dir='ltr'>W</span> 
     </span>
     <span class='ocr_line' id='line_1_9' title="bbox 700 950 1078 1018; baseline 0 -24"><span class='ocrx_word' id='word_1_68' title='bbox 700 956 768 1018; x_wconf 66' lang='grc' dir='ltr'><strong><em>Κλ</em></strong></span> <span class='ocrx_word' id='word_1_69' title='bbox 776 969 792 994; x_wconf 88' lang='grc' dir='ltr'><strong><em>ε</em></strong></span> <span class='ocrx_word' id='word_1_70' title='bbox 800 954 826 994; x_wconf 82' lang='grc' dir='ltr'><em>ά</em></span> <span class='ocrx_word' id='word_1_71' title='bbox 834 970 856 1007; x_wconf 90' lang='grc' dir='ltr'><strong><em>ρ</em></strong></span> <span class='ocrx_word' id='word_1_72' title='bbox 865 969 937 1010; x_wconf 78' lang='grc' dir='ltr'><strong><em>χω.</em></strong></span> <span class='ocrx_word' id='word_1_73' title='bbox 972 950 1078 1001; x_wconf 81' lang='lat'><em>(35&#39;9)</em></span> 
     </span>
    </p>
   </div>
   <div class='ocr_carea' id='block_1_4' title="bbox 203 1047 1586 1710">
    <p class='ocr_par' dir='ltr' id='par_1_4' title="bbox 203 1047 1586 1710">
     <span class='ocr_line' id='line_1_10' title="bbox 268 1047 1583 1107; baseline 0.001 -14"><span class='ocrx_word' id='word_1_74' title='bbox 268 1058 304 1094; x_wconf 87' lang='lat'><strong><em>1.</em></strong></span> <span class='ocrx_word' id='word_1_75' title='bbox 326 1047 448 1105; x_wconf 63' lang='grc' dir='ltr'><strong><em>“Ημῖν</em></strong></span> <span class='ocrx_word' id='word_1_76' title='bbox 473 1069 526 1102; x_wconf 82' lang='grc' dir='ltr'><strong><em>τε,</em></strong></span> <span class='ocrx_word' id='word_1_77' title='bbox 553 1051 607 1101; x_wconf 84' lang='grc' dir='ltr'><strong><em>ὡς</em></strong></span> <span class='ocrx_word' id='word_1_78' title='bbox 632 1052 774 1104; x_wconf 77' lang='grc' dir='ltr'><strong><em>ἔοικεν,</em></strong></span> <span class='ocrx_word' id='word_1_79' title='bbox 800 1051 861 1092; x_wconf 82' lang='grc' dir='ltr'><strong><em>ἀεὶ</em></strong></span> <span class='ocrx_word' id='word_1_80' title='bbox 886 1052 1097 1106; x_wconf 77' lang='grc' dir='ltr'><strong><em>πράγματα</em></strong></span> <span class='ocrx_word' id='word_1_81' title='bbox 1122 1051 1166 1093; x_wconf 82' lang='grc' dir='ltr'><strong><em>ἐκ</em></strong></span> <span class='ocrx_word' id='word_1_82' title='bbox 1185 1059 1265 1093; x_wconf 82' lang='grc' dir='ltr'><strong><em>τῶν</em></strong></span> <span class='ocrx_word' id='word_1_83' title='bbox 1284 1053 1476 1107; x_wconf 83' lang='grc' dir='ltr'><strong><em>Σευήρου</em></strong></span> <span class='ocrx_word' id='word_1_84' title='bbox 1496 1053 1583 1107; x_wconf 87' lang='grc' dir='ltr'><strong><em>τρό-</em></strong></span> 
     </span>
     <span class='ocr_line' id='line_1_11' title="bbox 203 1115 1584 1174; baseline 0 -15"><span class='ocrx_word' id='word_1_85' title='bbox 203 1134 293 1160; x_wconf 85' lang='grc' dir='ltr'><strong><em>πων</em></strong></span> <span class='ocrx_word' id='word_1_86' title='bbox 319 1118 545 1171; x_wconf 82' lang='grc' dir='ltr'><strong><em>ἀναφύεται</em></strong></span> <span class='ocrx_word' id='word_1_87' title='bbox 570 1120 636 1160; x_wconf 84' lang='grc' dir='ltr'><strong><em>σοί</em></strong></span> <span class='ocrx_word' id='word_1_88' title='bbox 658 1134 697 1159; x_wconf 83' lang='grc' dir='ltr'><strong><em>τε</em></strong></span> <span class='ocrx_word' id='word_1_89' title='bbox 723 1118 930 1173; x_wconf 79' lang='grc' dir='ltr'><strong><em>ἀπαλλαγὴ</em></strong></span> <span class='ocrx_word' id='word_1_90' title='bbox 956 1125 1036 1159; x_wconf 84' lang='grc' dir='ltr'><strong><em>τῶν</em></strong></span> <span class='ocrx_word' id='word_1_91' title='bbox 1062 1115 1156 1171; x_wconf 84' lang='grc' dir='ltr'><strong><em>παρ’</em></strong></span> <span class='ocrx_word' id='word_1_92' title='bbox 1179 1116 1295 1172; x_wconf 82' lang='grc' dir='ltr'><strong><em>ἡμῶν</em></strong></span> <span class='ocrx_word' id='word_1_93' title='bbox 1314 1118 1405 1174; x_wconf 84' lang='grc' dir='ltr'><strong><em>περὶ</em></strong></span> <span class='ocrx_word' id='word_1_94' title='bbox 1430 1119 1584 1160; x_wconf 88' lang='grc' dir='ltr'><strong><em>τούτων</em></strong></span> 
     </span>
     <span class='ocr_line' id='line_1_12' title="bbox 204 1183 1584 1240; baseline -0.001 -13"><span class='ocrx_word' id='word_1_95' title='bbox 204 1185 279 1227; x_wconf 79' lang='grc' dir='ltr'><strong><em>οὐκ</em></strong></span> <span class='ocrx_word' id='word_1_96' title='bbox 305 1185 412 1226; x_wconf 74' lang='grc' dir='ltr'><strong><em>ἔσται</em></strong></span> <span class='ocrx_word' id='word_1_97' title='bbox 445 1186 698 1240; x_wconf 74' lang='grc' dir='ltr'><strong><em>γραμμάτων.</em></strong></span> <span class='ocrx_word' id='word_1_98' title='bbox 739 1184 760 1226; x_wconf 85' lang='grc' dir='ltr'><em>ὃ</em></span> <span class='ocrx_word' id='word_1_99' title='bbox 791 1185 867 1240; x_wconf 77' lang='grc' dir='ltr'><strong><em>γὰρ</em></strong></span> <span class='ocrx_word' id='word_1_100' title='bbox 899 1183 1121 1240; x_wconf 74' lang='grc' dir='ltr'><strong><em>ἅνθρωπος</em></strong></span> <span class='ocrx_word' id='word_1_101' title='bbox 1152 1184 1322 1239; x_wconf 83' lang='grc' dir='ltr'><strong><em>ἀτεχνῶς</em></strong></span> <span class='ocrx_word' id='word_1_102' title='bbox 1350 1186 1474 1240; x_wconf 76' lang='grc' dir='ltr'><strong><em>ὕδρα,</em></strong></span> <span class='ocrx_word' id='word_1_103' title='bbox 1505 1184 1584 1226; x_wconf 75' lang='grc' dir='ltr'><strong><em>κᾶν</em></strong></span> 
     </span>
     <span class='ocr_line' id='line_1_13' title="bbox 204 1250 1585 1309; baseline 0 -17"><span class='ocrx_word' id='word_1_104' title='bbox 204 1252 324 1309; x_wconf 78' lang='grc' dir='ltr'><strong><em>τέμῃς</em></strong></span> <span class='ocrx_word' id='word_1_105' title='bbox 348 1252 423 1305; x_wconf 85' lang='grc' dir='ltr'><strong><em>τὴν</em></strong></span> <span class='ocrx_word' id='word_1_106' title='bbox 448 1253 643 1305; x_wconf 83' lang='grc' dir='ltr'><strong><em>κεφαλήν,</em></strong></span> <span class='ocrx_word' id='word_1_107' title='bbox 668 1251 779 1309; x_wconf 77' lang='grc' dir='ltr'><strong><em>ἑτέρᾳ</em></strong></span> <span class='ocrx_word' id='word_1_108' title='bbox 808 1259 913 1308; x_wconf 80' lang='grc' dir='ltr'><strong><em>μαχῇ</em></strong></span> <span class='ocrx_word' id='word_1_109' title='bbox 939 1255 1117 1309; x_wconf 74' lang='grc' dir='ltr'><strong><em>κεφαλῇ,</em></strong></span> <span class='ocrx_word' id='word_1_110' title='bbox 1148 1250 1226 1292; x_wconf 72' lang='grc' dir='ltr'><strong><em>κᾶν</em></strong></span> <span class='ocrx_word' id='word_1_111' title='bbox 1251 1253 1397 1304; x_wconf 83' lang='grc' dir='ltr'><strong><em>ταύτης</em></strong></span> <span class='ocrx_word' id='word_1_112' title='bbox 1423 1260 1585 1309; x_wconf 77' lang='grc' dir='ltr'><strong><em>κρατῇς,</em></strong></span> 
     </span>
     <span class='ocr_line' id='line_1_14' title="bbox 204 1317 1585 1376; baseline -0.001 -17"><span class='ocrx_word' id='word_1_113' title='bbox 204 1319 367 1375; x_wconf 77' lang='grc' dir='ltr'><strong><em>ἐντεύξῃ</em></strong></span> <span class='ocrx_word' id='word_1_114' title='bbox 392 1320 512 1376; x_wconf 82' lang='grc' dir='ltr'><strong><em>τρίτῃ.</em></strong></span> <span class='ocrx_word' id='word_1_115' title='bbox 555 1323 591 1362; x_wconf 84' lang='grc'><strong><em>2.</em></strong></span> <span class='ocrx_word' id='word_1_116' title='bbox 620 1320 690 1359; x_wconf 87' lang='grc' dir='ltr'><strong><em>καί</em></strong></span> <span class='ocrx_word' id='word_1_117' title='bbox 713 1335 780 1372; x_wconf 88' lang='grc' dir='ltr'><strong><em>μοι</em></strong></span> <span class='ocrx_word' id='word_1_118' title='bbox 807 1320 923 1360; x_wconf 82' lang='grc' dir='ltr'><strong><em>δοκεῖ</em></strong></span> <span class='ocrx_word' id='word_1_119' title='bbox 942 1317 1018 1359; x_wconf 73' lang='grc' dir='ltr'><strong><em>κᾶν</em></strong></span> <span class='ocrx_word' id='word_1_120' title='bbox 1044 1318 1320 1369; x_wconf 82' lang='grc' dir='ltr'><strong><em>ἀποθνήσκων</em></strong></span> <span class='ocrx_word' id='word_1_121' title='bbox 1346 1317 1585 1372; x_wconf 81' lang='grc' dir='ltr'><strong><em>παραινέσαι</em></strong></span> 
     </span>
     <span class='ocr_line' id='line_1_15' title="bbox 203 1385 1585 1440; baseline 0 -14"><span class='ocrx_word' id='word_1_122' title='bbox 203 1390 288 1435; x_wconf 86' lang='grc' dir='ltr'><strong><em>τοῖς</em></strong></span> <span class='ocrx_word' id='word_1_123' title='bbox 311 1386 578 1440; x_wconf 81' lang='grc' dir='ltr'><strong><em>κληρονόμοις</em></strong></span> <span class='ocrx_word' id='word_1_124' title='bbox 604 1390 836 1439; x_wconf 79' lang='grc' dir='ltr'><strong><em>μεμνῆσθαι</em></strong></span> <span class='ocrx_word' id='word_1_125' title='bbox 863 1386 1140 1439; x_wconf 75' lang='grc' dir='ltr'><strong><em>Κλεοβούλου,</em></strong></span> <span class='ocrx_word' id='word_1_126' title='bbox 1166 1385 1235 1426; x_wconf 79' lang='grc' dir='ltr'><strong><em>καὶ</em></strong></span> <span class='ocrx_word' id='word_1_127' title='bbox 1262 1385 1337 1426; x_wconf 81' lang='grc' dir='ltr'><strong><em>οὐκ</em></strong></span> <span class='ocrx_word' id='word_1_128' title='bbox 1363 1385 1585 1439; x_wconf 80' lang='grc' dir='ltr'><strong><em>ἀπορήσειν</em></strong></span> 
     </span>
     <span class='ocr_line' id='line_1_16' title="bbox 205 1449 1585 1509; baseline -0.001 -16"><span class='ocrx_word' id='word_1_129' title='bbox 205 1453 439 1506; x_wconf 86' lang='grc' dir='ltr'><strong><em>χρημάτων,</em></strong></span> <span class='ocrx_word' id='word_1_130' title='bbox 471 1451 554 1494; x_wconf 80' lang='grc' dir='ltr'><strong><em>ἐπεὶ</em></strong></span> <span class='ocrx_word' id='word_1_131' title='bbox 586 1453 653 1493; x_wconf 81' lang='grc' dir='ltr'><strong><em>καὶ</em></strong></span> <span class='ocrx_word' id='word_1_132' title='bbox 684 1459 762 1494; x_wconf 87' lang='grc' dir='ltr'><strong><em>ν-ῦν</em></strong></span> <span class='ocrx_word' id='word_1_133' title='bbox 793 1453 870 1509; x_wconf 77' lang='grc' dir='ltr'><strong><em>βοᾷ</em></strong></span> <span class='ocrx_word' id='word_1_134' title='bbox 907 1451 978 1505; x_wconf 70' lang='grc' dir='ltr'><strong><em>μὲν</em></strong></span> <span class='ocrx_word' id='word_1_135' title='bbox 1012 1449 1285 1507; x_wconf 62' lang='grc' dir='ltr'><strong><em>Ἀλέξανδρος,</em></strong></span> <span class='ocrx_word' id='word_1_136' title='bbox 1323 1453 1506 1505; x_wconf 81' lang='grc' dir='ltr'><strong><em>κεκίνηκε</em></strong></span> <span class='ocrx_word' id='word_1_137' title='bbox 1542 1451 1585 1492; x_wconf 78' lang='grc' dir='ltr'><strong><em>δὲ</em></strong></span> 
     </span>
     <span class='ocr_line' id='line_1_17' title="bbox 205 1517 1582 1574; baseline -0.001 -14"><span class='ocrx_word' id='word_1_138' title='bbox 205 1519 371 1573; x_wconf 78' lang='grc' dir='ltr'><strong><em>ἐκεῖνος,</em></strong></span> <span class='ocrx_word' id='word_1_139' title='bbox 396 1520 463 1560; x_wconf 84' lang='grc' dir='ltr'><strong><em>καὶ</em></strong></span> <span class='ocrx_word' id='word_1_140' title='bbox 487 1520 531 1561; x_wconf 93' lang='grc' dir='ltr'><strong><em>τὸ</em></strong></span> <span class='ocrx_word' id='word_1_141' title='bbox 558 1519 750 1573; x_wconf 81' lang='grc' dir='ltr'><strong><em>ὑπόδημα</em></strong></span> <span class='ocrx_word' id='word_1_142' title='bbox 775 1519 892 1568; x_wconf 74' lang='grc' dir='ltr'><strong><em>ἄλλος</em></strong></span> <span class='ocrx_word' id='word_1_143' title='bbox 926 1517 997 1571; x_wconf 79' lang='grc' dir='ltr'><strong><em>μὲν</em></strong></span> <span class='ocrx_word' id='word_1_144' title='bbox 1032 1519 1228 1574; x_wconf 75' lang='grc' dir='ltr'><strong><em>ἕρραψεν,</em></strong></span> <span class='ocrx_word' id='word_1_145' title='bbox 1261 1518 1380 1568; x_wconf 81' lang='grc' dir='ltr'><strong><em>ἄλλος</em></strong></span> <span class='ocrx_word' id='word_1_146' title='bbox 1412 1518 1455 1560; x_wconf 78' lang='grc' dir='ltr'><strong><em>δὲ</em></strong></span> <span class='ocrx_word' id='word_1_147' title='bbox 1486 1519 1582 1560; x_wconf 78' lang='grc' dir='ltr'><strong><em>ὑπε-</em></strong></span> 
     </span>
     <span class='ocr_line' id='line_1_18' title="bbox 206 1584 1585 1640; baseline 0 -14"><span class='ocrx_word' id='word_1_148' title='bbox 206 1586 366 1638; x_wconf 81' lang='grc' dir='ltr'><strong><em>δήσατο.</em></strong></span> <span class='ocrx_word' id='word_1_149' title='bbox 414 1589 451 1626; x_wconf 81' lang='lat'><strong><em>3.</em></strong></span> <span class='ocrx_word' id='word_1_150' title='bbox 480 1586 540 1626; x_wconf 82' lang='grc' dir='ltr'><strong><em>δεῖ</em></strong></span> <span class='ocrx_word' id='word_1_151' title='bbox 565 1585 615 1638; x_wconf 80' lang='grc' dir='ltr'><strong><em>δὴ</em></strong></span> <span class='ocrx_word' id='word_1_152' title='bbox 645 1593 723 1626; x_wconf 89' lang='grc' dir='ltr'><strong><em>τῶν</em></strong></span> <span class='ocrx_word' id='word_1_153' title='bbox 756 1587 892 1640; x_wconf 82' lang='grc' dir='ltr'><strong><em>Γύγου</em></strong></span> <span class='ocrx_word' id='word_1_154' title='bbox 918 1586 1131 1640; x_wconf 84' lang='grc' dir='ltr'><strong><em>χρημάτων</em></strong></span> <span class='ocrx_word' id='word_1_155' title='bbox 1163 1584 1286 1639; x_wconf 79' lang='grc' dir='ltr'><strong><em>ἡμῖν,</em></strong></span> <span class='ocrx_word' id='word_1_156' title='bbox 1312 1585 1348 1626; x_wconf 87' lang='grc' dir='ltr'><strong><em>εἰ</em></strong></span> <span class='ocrx_word' id='word_1_157' title='bbox 1379 1585 1585 1639; x_wconf 81' lang='grc' dir='ltr'><strong><em>μέλλοιμεν</em></strong></span> 
     </span>
     <span class='ocr_line' id='line_1_19' title="bbox 205 1651 1586 1710; baseline 0 -18"><span class='ocrx_word' id='word_1_158' title='bbox 205 1652 355 1710; x_wconf 76' lang='grc' dir='ltr'><strong><em>ἑκάστῳ</em></strong></span> <span class='ocrx_word' id='word_1_159' title='bbox 382 1652 525 1693; x_wconf 81' lang='grc' dir='ltr'><strong><em>δώσειν</em></strong></span> <span class='ocrx_word' id='word_1_160' title='bbox 551 1659 630 1693; x_wconf 87' lang='grc' dir='ltr'><strong><em>τῶν</em></strong></span> <span class='ocrx_word' id='word_1_161' title='bbox 655 1651 915 1706; x_wconf 79' lang='grc' dir='ltr'><strong><em>βουλομένων</em></strong></span> <span class='ocrx_word' id='word_1_162' title='bbox 940 1653 1087 1705; x_wconf 84' lang='grc' dir='ltr'><strong><em>λαβεῖν.</em></strong></span> <span class='ocrx_word' id='word_1_163' title='bbox 1116 1652 1177 1693; x_wconf 84' lang='grc' dir='ltr'><strong><em>ἀεὶ</em></strong></span> <span class='ocrx_word' id='word_1_164' title='bbox 1203 1652 1277 1707; x_wconf 80' lang='grc' dir='ltr'><strong><em>γὰρ</em></strong></span> <span class='ocrx_word' id='word_1_165' title='bbox 1299 1651 1320 1692; x_wconf 83' lang='grc' dir='ltr'><strong>ὁ</strong></span> <span class='ocrx_word' id='word_1_166' title='bbox 1340 1652 1586 1704; x_wconf 84' lang='grc' dir='ltr'><strong><em>βουλόμενος</em></strong></span> 
     </span>
    </p>
   </div>
   <div class='ocr_carea' id='block_1_5' title="bbox 205 1747 495 1753">
    <p class='ocr_par' dir='ltr' id='par_1_5' title="bbox 205 1747 495 1753">
     <span class='ocr_line' id='line_1_20' title="bbox 205 1747 495 1753; baseline 0 0"><span class='ocrx_word' id='word_1_167' title='bbox 205 1747 495 1753; x_wconf 95' lang='lat' dir='ltr'><strong><em> </em></strong></span> 
     </span>
    </p>
   </div>
   <div class='ocr_carea' id='block_1_6' title="bbox 282 1805 1246 1853">
    <p class='ocr_par' dir='ltr' id='par_1_6' title="bbox 282 1805 1246 1853">
     <span class='ocr_line' id='line_1_21' title="bbox 282 1805 1246 1853; baseline 0 -13"><span class='ocrx_word' id='word_1_168' title='bbox 282 1810 299 1840; x_wconf 83' lang='lat'><strong><em>‘1</em></strong></span> <span class='ocrx_word' id='word_1_169' title='bbox 336 1807 383 1845; x_wconf 82' lang='lat' dir='ltr'><strong><em>V!</em></strong></span> <span class='ocrx_word' id='word_1_170' title='bbox 410 1806 459 1850; x_wconf 83' lang='grc' dir='ltr'><strong><em>α’,</em></strong></span> <span class='ocrx_word' id='word_1_171' title='bbox 485 1806 549 1853; x_wconf 77' lang='grc' dir='ltr'><strong><em>λγ’.</em></strong></span> <span class='ocrx_word' id='word_1_172' title='bbox 586 1807 638 1843; x_wconf 90' lang='lat' dir='ltr'><strong><em>Vo</em></strong></span> <span class='ocrx_word' id='word_1_173' title='bbox 665 1807 714 1851; x_wconf 88' lang='grc' dir='ltr'><strong><em>α’,</em></strong></span> <span class='ocrx_word' id='word_1_174' title='bbox 741 1808 794 1852; x_wconf 88' lang='grc' dir='ltr'><strong><em>λη.</em></strong></span> <span class='ocrx_word' id='word_1_175' title='bbox 823 1806 851 1842; x_wconf 89' lang='lat' dir='ltr'><strong><em>S</em></strong></span> <span class='ocrx_word' id='word_1_176' title='bbox 875 1820 908 1851; x_wconf 83' lang='lat' dir='ltr'><strong><em>y,</em></strong></span> <span class='ocrx_word' id='word_1_177' title='bbox 936 1805 983 1852; x_wconf 69' lang='grc' dir='ltr'><strong><em>ρ’.</em></strong></span> <span class='ocrx_word' id='word_1_178' title='bbox 1025 1806 1065 1841; x_wconf 79' lang='lat' dir='ltr'><strong><em>Vi</em></strong></span> <span class='ocrx_word' id='word_1_179' title='bbox 1090 1819 1173 1852; x_wconf 78' lang='grc' dir='ltr'><strong><em>ρπγ.</em></strong></span> <span class='ocrx_word' id='word_1_180' title='bbox 1202 1818 1246 1851; x_wconf 90' lang='lat' dir='ltr'><strong><em>pr</em></strong></span> 
     </span>
    </p>
   </div>
   <div class='ocr_carea' id='block_1_7' title="bbox 201 1886 497 1892">
    <p class='ocr_par' dir='ltr' id='par_1_7' title="bbox 201 1886 497 1892">
     <span class='ocr_line' id='line_1_22' title="bbox 201 1886 497 1892; baseline 0 0"><span class='ocrx_word' id='word_1_181' title='bbox 201 1886 497 1892; x_wconf 95' lang='lat' dir='ltr'><strong><em> </em></strong></span> 
     </span>
    </p>
   </div>
   <div class='ocr_carea' id='block_1_8' title="bbox 206 1938 1586 2131">
    <p class='ocr_par' dir='ltr' id='par_1_8' title="bbox 206 1938 1586 2131">
     <span class='ocr_line' id='line_1_23' title="bbox 283 1938 1585 1985; baseline -0.001 -11"><span class='ocrx_word' id='word_1_182' title='bbox 283 1946 297 1974; x_wconf 88' lang='lat'>1</span> <span class='ocrx_word' id='word_1_183' title='bbox 329 1940 375 1975; x_wconf 84' lang='lat' dir='ltr'><strong><em>cf.</em></strong></span> <span class='ocrx_word' id='word_1_184' title='bbox 398 1940 447 1975; x_wconf 79' lang='lat' dir='ltr'><strong><em>ad</em></strong></span> <span class='ocrx_word' id='word_1_185' title='bbox 461 1940 536 1975; x_wconf 58' lang='lat' dir='ltr'><strong><em>nv</em></strong></span> <span class='ocrx_word' id='word_1_186' title='bbox 557 1943 698 1985; x_wconf 83' lang='grc'><strong><em>67,12;</em></strong></span> <span class='ocrx_word' id='word_1_187' title='bbox 731 1943 813 1984; x_wconf 81' lang='lat'>339,</span> <span class='ocrx_word' id='word_1_188' title='bbox 830 1944 874 1975; x_wconf 78' lang='lat'><strong><em>14</em></strong></span> <span class='ocrx_word' id='word_1_189' title='bbox 904 1942 992 1985; x_wconf 59' lang='lat' dir='ltr'><strong><em>sep.</em></strong></span> <span class='ocrx_word' id='word_1_190' title='bbox 1019 1942 1100 1974; x_wconf 80' lang='lat'><strong>264.</strong></span> <span class='ocrx_word' id='word_1_191' title='bbox 1135 1941 1216 1974; x_wconf 79' lang='lat'>793.</span> <span class='ocrx_word' id='word_1_192' title='bbox 1252 1941 1278 1974; x_wconf 78' lang='lat' dir='ltr'><strong><em>t.</em></strong></span> <span class='ocrx_word' id='word_1_193' title='bbox 1301 1938 1333 1973; x_wconf 89' lang='lat'><strong><em>11</em></strong></span> <span class='ocrx_word' id='word_1_194' title='bbox 1362 1942 1494 1982; x_wconf 80' lang='lat'><strong>210‚9.</strong></span> <span class='ocrx_word' id='word_1_195' title='bbox 1523 1940 1585 1974; x_wconf 78' lang='lat' dir='ltr'><strong><em>Ar.</em></strong></span> 
     </span>
     <span class='ocr_line' id='line_1_24' title="bbox 206 1986 1586 2033; baseline -0.001 -9"><span class='ocrx_word' id='word_1_196' title='bbox 206 1999 286 2024; x_wconf 81' lang='lat' dir='ltr'><strong>ran.</strong></span> <span class='ocrx_word' id='word_1_197' title='bbox 307 1992 375 2024; x_wconf 82' lang='grc'><strong><em>991</em></strong></span> <span class='ocrx_word' id='word_1_198' title='bbox 483 1995 504 2024; x_wconf 78' lang='grc'>8</span> <span class='ocrx_word' id='word_1_199' title='bbox 538 1988 686 2025; x_wconf 78' lang='lat' dir='ltr'><strong>Sievere</strong></span> <span class='ocrx_word' id='word_1_200' title='bbox 713 1992 759 2024; x_wconf 79' lang='lat'><strong><em>84</em></strong></span> <span class='ocrx_word' id='word_1_201' title='bbox 778 1990 856 2024; x_wconf 77' lang='lat' dir='ltr'><strong>not.</strong></span> <span class='ocrx_word' id='word_1_202' title='bbox 886 1991 944 2024; x_wconf 81' lang='lat'><strong><em>85.</em></strong></span> <span class='ocrx_word' id='word_1_203' title='bbox 972 1987 1091 2023; x_wconf 85' lang='lat' dir='ltr'><strong>Seeck</strong></span> <span class='ocrx_word' id='word_1_204' title='bbox 1121 1991 1189 2023; x_wconf 87' lang='grc'><strong><em>108</em></strong></span> <span class='ocrx_word' id='word_1_205' title='bbox 1296 1990 1317 2022; x_wconf 85' lang='grc'><strong>9</strong></span> <span class='ocrx_word' id='word_1_206' title='bbox 1345 1986 1391 2023; x_wconf 82' lang='lat' dir='ltr'><strong><em>ef.</em></strong></span> <span class='ocrx_word' id='word_1_207' title='bbox 1414 1998 1474 2031; x_wconf 86' lang='lat' dir='ltr'><strong><em>ep.</em></strong></span> <span class='ocrx_word' id='word_1_208' title='bbox 1489 1991 1533 2023; x_wconf 82' lang='grc'><strong><em>67</em></strong></span> <span class='ocrx_word' id='word_1_209' title='bbox 1548 1999 1586 2033; x_wconf 92' lang='lat' dir='ltr'><strong><em>p.</em></strong></span> 
     </span>
     <span class='ocr_line' id='line_1_25' title="bbox 208 2035 1585 2081; baseline -0.001 -9"><span class='ocrx_word' id='word_1_210' title='bbox 208 2041 265 2078; x_wconf 76' lang='grc'><strong><em>67,</em></strong></span> <span class='ocrx_word' id='word_1_211' title='bbox 280 2040 311 2074; x_wconf 88' lang='grc'><strong><em>3.</em></strong></span> <span class='ocrx_word' id='word_1_212' title='bbox 346 2036 464 2073; x_wconf 80' lang='lat' dir='ltr'><strong>Seeck</strong></span> <span class='ocrx_word' id='word_1_213' title='bbox 494 2041 564 2073; x_wconf 81' lang='grc'><strong><em>276</em></strong></span> <span class='ocrx_word' id='word_1_214' title='bbox 648 2042 689 2072; x_wconf 94' lang='grc'><strong><em>11</em></strong></span> <span class='ocrx_word' id='word_1_215' title='bbox 725 2036 772 2072; x_wconf 84' lang='lat' dir='ltr'><strong><em>cf.</em></strong></span> <span class='ocrx_word' id='word_1_216' title='bbox 799 2037 849 2072; x_wconf 73' lang='lat' dir='ltr'><strong><em>ad</em></strong></span> <span class='ocrx_word' id='word_1_217' title='bbox 881 2039 908 2073; x_wconf 79' lang='lat' dir='ltr'><strong><em>t.</em></strong></span> <span class='ocrx_word' id='word_1_218' title='bbox 929 2036 982 2071; x_wconf 92' lang='lat' dir='ltr'><strong><em>IV</em></strong></span> <span class='ocrx_word' id='word_1_219' title='bbox 1003 2039 1084 2079; x_wconf 75' lang='grc'><strong><em>292,</em></strong></span> <span class='ocrx_word' id='word_1_220' title='bbox 1109 2040 1163 2072; x_wconf 81' lang='grc'><strong><em>16.</em></strong></span> <span class='ocrx_word' id='word_1_221' title='bbox 1186 2046 1243 2081; x_wconf 90' lang='lat' dir='ltr'><strong><em>ep.</em></strong></span> <span class='ocrx_word' id='word_1_222' title='bbox 1266 2039 1345 2071; x_wconf 84' lang='grc'><strong><em>206.</em></strong></span> <span class='ocrx_word' id='word_1_223' title='bbox 1389 2035 1486 2071; x_wconf 75' lang='lat' dir='ltr'><strong>Plat.</strong></span> <span class='ocrx_word' id='word_1_224' title='bbox 1508 2046 1585 2081; x_wconf 85' lang='lat' dir='ltr'><strong>rep.</strong></span> 
     </span>
     <span class='ocr_line' id='line_1_26' title="bbox 207 2084 844 2131; baseline 0 -11"><span class='ocrx_word' id='word_1_225' title='bbox 207 2084 260 2121; x_wconf 85' lang='lat' dir='ltr'><strong><em>IV</em></strong></span> <span class='ocrx_word' id='word_1_226' title='bbox 278 2097 314 2131; x_wconf 89' lang='lat' dir='ltr'><strong><em>p.</em></strong></span> <span class='ocrx_word' id='word_1_227' title='bbox 350 2085 461 2121; x_wconf 82' lang='grc' dir='ltr'><strong><em>426Ε</em></strong></span> <span class='ocrx_word' id='word_1_228' title='bbox 532 2090 576 2122; x_wconf 80' lang='grc'><strong><em>15</em></strong></span> <span class='ocrx_word' id='word_1_229' title='bbox 604 2085 722 2121; x_wconf 82' lang='lat' dir='ltr'><strong>Seeck</strong></span> <span class='ocrx_word' id='word_1_230' title='bbox 750 2085 844 2122; x_wconf 81' lang='lat' dir='ltr'><strong><em>54V</em></strong></span> 
     </span>
    </p>
   </div>
   <div class='ocr_carea' id='block_1_9' title="bbox 206 2165 496 2171">
    <p class='ocr_par' dir='ltr' id='par_1_9' title="bbox 206 2165 496 2171">
     <span class='ocr_line' id='line_1_27' title="bbox 206 2165 496 2171; baseline 0 0"><span class='ocrx_word' id='word_1_231' title='bbox 206 2165 496 2171; x_wconf 95' lang='lat' dir='ltr'><strong><em> </em></strong></span> 
     </span>
    </p>
   </div>
   <div class='ocr_carea' id='block_1_10' title="bbox 207 2217 1589 2553">
    <p class='ocr_par' dir='ltr' id='par_1_10' title="bbox 207 2217 1588 2411">
     <span class='ocr_line' id='line_1_28' title="bbox 284 2217 1588 2265; baseline -0.001 -12"><span class='ocrx_word' id='word_1_232' title='bbox 284 2223 298 2252; x_wconf 86' lang='lat'>1</span> <span class='ocrx_word' id='word_1_233' title='bbox 329 2217 539 2264; x_wconf 78' lang='grc' dir='ltr'><strong><em>μελιττίὸου</em></strong></span> <span class='ocrx_word' id='word_1_234' title='bbox 570 2219 614 2255; x_wconf 85' lang='lat' dir='ltr'><strong><em>Vi</em></strong></span> <span class='ocrx_word' id='word_1_235' title='bbox 634 2221 640 2265; x_wconf 93' lang='grc' dir='ltr'>Ι</span> <span class='ocrx_word' id='word_1_236' title='bbox 662 2219 700 2255; x_wconf 81' lang='grc' dir='ltr'><strong>τὲ</strong></span> <span class='ocrx_word' id='word_1_237' title='bbox 722 2219 819 2255; x_wconf 87' lang='lat' dir='ltr'><strong><em>VVo</em></strong></span> <span class='ocrx_word' id='word_1_238' title='bbox 857 2218 899 2255; x_wconf 80' lang='grc' dir='ltr'><strong><em>δὲ</em></strong></span> <span class='ocrx_word' id='word_1_239' title='bbox 924 2218 1034 2255; x_wconf 87' lang='lat' dir='ltr'>Wolf</span> <span class='ocrx_word' id='word_1_240' title='bbox 1087 2222 1108 2252; x_wconf 88' lang='grc'><strong><em>2</em></strong></span> <span class='ocrx_word' id='word_1_241' title='bbox 1134 2218 1176 2253; x_wconf 85' lang='grc' dir='ltr'><strong><em>τὸ</em></strong></span> <span class='ocrx_word' id='word_1_242' title='bbox 1211 2218 1263 2254; x_wconf 89' lang='lat' dir='ltr'><strong><em>Vo</em></strong></span> <span class='ocrx_word' id='word_1_243' title='bbox 1289 2219 1355 2254; x_wconf 80' lang='lat' dir='ltr'><strong><em>sed</em></strong></span> <span class='ocrx_word' id='word_1_244' title='bbox 1382 2229 1402 2254; x_wconf 87' lang='lat' dir='ltr'><strong>e</strong></span> <span class='ocrx_word' id='word_1_245' title='bbox 1427 2225 1478 2254; x_wconf 84' lang='grc' dir='ltr'><strong><em>τῶ</em></strong></span> <span class='ocrx_word' id='word_1_246' title='bbox 1506 2229 1588 2253; x_wconf 89' lang='lat' dir='ltr'><strong>corr</strong></span> 
     </span>
     <span class='ocr_line' id='line_1_29' title="bbox 207 2266 1586 2315; baseline -0.001 -13"><span class='ocrx_word' id='word_1_247' title='bbox 207 2267 265 2302; x_wconf 85' lang='lat' dir='ltr'><strong><em>m²</em></strong></span> <span class='ocrx_word' id='word_1_248' title='bbox 288 2269 339 2315; x_wconf 80' lang='grc' dir='ltr'><strong><em>τῶ</em></strong></span> <span class='ocrx_word' id='word_1_249' title='bbox 367 2278 412 2312; x_wconf 86' lang='lat' dir='ltr'><strong><em>pr</em></strong></span> <span class='ocrx_word' id='word_1_250' title='bbox 451 2269 456 2312; x_wconf 91' lang='grc' dir='ltr'>Ι</span> <span class='ocrx_word' id='word_1_251' title='bbox 502 2267 672 2313; x_wconf 81' lang='grc' dir='ltr'><strong><em>καθήιρη</em></strong></span> <span class='ocrx_word' id='word_1_252' title='bbox 675 2278 695 2302; x_wconf 87' lang='grc' dir='ltr'>σ</span> <span class='ocrx_word' id='word_1_253' title='bbox 728 2267 763 2302; x_wconf 92' lang='lat' dir='ltr'><strong><em>V</em></strong></span> <span class='ocrx_word' id='word_1_254' title='bbox 785 2267 851 2302; x_wconf 82' lang='lat' dir='ltr'><strong><em>sed</em></strong></span> <span class='ocrx_word' id='word_1_255' title='bbox 885 2279 906 2302; x_wconf 91' lang='grc' dir='ltr'><em>σ</em></span> <span class='ocrx_word' id='word_1_256' title='bbox 931 2278 1014 2303; x_wconf 87' lang='lat' dir='ltr'>corr</span> <span class='ocrx_word' id='word_1_257' title='bbox 1038 2266 1106 2308; x_wconf 82' lang='lat' dir='ltr'><strong><em>m⁴‚</em></strong></span> <span class='ocrx_word' id='word_1_258' title='bbox 1133 2268 1176 2302; x_wconf 78' lang='lat' dir='ltr'><strong><em>ut</em></strong></span> <span class='ocrx_word' id='word_1_259' title='bbox 1202 2266 1370 2311; x_wconf 78' lang='lat' dir='ltr'><strong>videtur,</strong></span> <span class='ocrx_word' id='word_1_260' title='bbox 1397 2277 1442 2302; x_wconf 81' lang='lat' dir='ltr'><strong><em>ex</em></strong></span> <span class='ocrx_word' id='word_1_261' title='bbox 1468 2279 1482 2301; x_wconf 84' lang='grc' dir='ltr'><strong><em>ι</em></strong></span> <span class='ocrx_word' id='word_1_262' title='bbox 1521 2280 1586 2302; x_wconf 77' lang='grc' dir='ltr'><strong><em>κα-</em></strong></span> 
     </span>
     <span class='ocr_line' id='line_1_30' title="bbox 209 2303 1587 2375; baseline -0.004 -23"><span class='ocrx_word' id='word_1_263' title='bbox 209 2303 435 2370; x_wconf 60' lang='lat' dir='ltr'><strong><em>&amp;dens-8172*</em></strong></span> <span class='ocrx_word' id='word_1_264' title='bbox 454 2315 528 2350; x_wconf 88' lang='lat' dir='ltr'><strong><em>edd</em></strong></span> <span class='ocrx_word' id='word_1_265' title='bbox 548 2315 1047 2361; x_wconf 76' lang='lat' dir='ltr'><strong>cf.ep4.1.t.111304‚10.</strong></span> <span class='ocrx_word' id='word_1_266' title='bbox 1074 2313 1108 2350; x_wconf 90' lang='lat' dir='ltr'><strong>V</strong></span> <span class='ocrx_word' id='word_1_267' title='bbox 1128 2318 1272 2360; x_wconf 83' lang='grc'><strong><em>431,12</em></strong></span> <span class='ocrx_word' id='word_1_268' title='bbox 1330 2319 1351 2350; x_wconf 85' lang='grc'><strong>9</strong></span> <span class='ocrx_word' id='word_1_269' title='bbox 1378 2314 1587 2375; x_wconf 85' lang='grc' dir='ltr'><strong><em>σεβήρου1</em></strong></span> 
     </span>
     <span class='ocr_line' id='line_1_31' title="bbox 209 2362 1589 2411; baseline -0.001 -13"><span class='ocrx_word' id='word_1_270' title='bbox 209 2363 275 2399; x_wconf 71' lang='lat' dir='ltr'><strong><em>sed</em></strong></span> <span class='ocrx_word' id='word_1_271' title='bbox 301 2364 325 2411; x_wconf 81' lang='grc' dir='ltr'>β</span> <span class='ocrx_word' id='word_1_272' title='bbox 348 2362 390 2398; x_wconf 87' lang='lat' dir='ltr'><strong><em>in</em></strong></span> <span class='ocrx_word' id='word_1_273' title='bbox 421 2375 483 2399; x_wconf 75' lang='lat' dir='ltr'><strong><em>raa</em></strong></span> <span class='ocrx_word' id='word_1_274' title='bbox 515 2363 583 2408; x_wconf 64' lang='grc' dir='ltr'><strong><em>ω’,</em></strong></span> <span class='ocrx_word' id='word_1_275' title='bbox 609 2364 697 2401; x_wconf 77' lang='lat' dir='ltr'><strong><em>SVi</em></strong></span> <span class='ocrx_word' id='word_1_276' title='bbox 723 2363 769 2399; x_wconf 84' lang='lat' dir='ltr'><strong><em>cf.</em></strong></span> <span class='ocrx_word' id='word_1_277' title='bbox 797 2376 835 2410; x_wconf 90' lang='lat' dir='ltr'><strong><em>p.</em></strong></span> <span class='ocrx_word' id='word_1_278' title='bbox 857 2367 916 2408; x_wconf 85' lang='grc'><strong><em>52,</em></strong></span> <span class='ocrx_word' id='word_1_279' title='bbox 931 2368 951 2399; x_wconf 86' lang='grc'>5</span> <span class='ocrx_word' id='word_1_280' title='bbox 979 2365 1018 2400; x_wconf 73' lang='lat' dir='ltr'><strong><em>et</em></strong></span> <span class='ocrx_word' id='word_1_281' title='bbox 1050 2374 1135 2409; x_wconf 85' lang='lat' dir='ltr'><strong><em>epp.</em></strong></span> <span class='ocrx_word' id='word_1_282' title='bbox 1152 2366 1294 2399; x_wconf 83' lang='grc'><strong>65-67</strong></span> <span class='ocrx_word' id='word_1_283' title='bbox 1391 2367 1436 2398; x_wconf 91' lang='grc'><strong><em>10</em></strong></span> <span class='ocrx_word' id='word_1_284' title='bbox 1463 2362 1508 2407; x_wconf 88' lang='grc' dir='ltr'><strong><em>σή</em></strong></span> <span class='ocrx_word' id='word_1_285' title='bbox 1542 2363 1589 2398; x_wconf 79' lang='lat' dir='ltr'><strong><em>Vi</em></strong></span> 
     </span>
    </p>

    <p class='ocr_par' dir='ltr' id='par_1_11' title="bbox 209 2409 1587 2545">
     <span class='ocr_line' id='line_1_32' title="bbox 271 2409 1587 2471; baseline -0.001 -24"><span class='ocrx_word' id='word_1_286' title='bbox 271 2416 316 2447; x_wconf 89' lang='grc'><strong><em>12</em></strong></span> <span class='ocrx_word' id='word_1_287' title='bbox 341 2409 478 2458; x_wconf 83' lang='grc' dir='ltr'><strong><em>τέμνης</em></strong></span> <span class='ocrx_word' id='word_1_288' title='bbox 498 2412 544 2448; x_wconf 74' lang='lat' dir='ltr'><strong><em>Vi</em></strong></span> <span class='ocrx_word' id='word_1_289' title='bbox 583 2415 588 2457; x_wconf 91' lang='grc' dir='ltr'>Ι</span> <span class='ocrx_word' id='word_1_290' title='bbox 622 2417 735 2471; x_wconf 84' lang='grc' dir='ltr'><strong><em>μαχῇ</em></strong></span> <span class='ocrx_word' id='word_1_291' title='bbox 750 2412 886 2458; x_wconf 82' lang='lat' dir='ltr'><strong>scripsi</strong></span> <span class='ocrx_word' id='word_1_292' title='bbox 911 2423 997 2448; x_wconf 80' lang='lat' dir='ltr'><strong><em>cum</em></strong></span> <span class='ocrx_word' id='word_1_293' title='bbox 1023 2411 1078 2447; x_wconf 82' lang='lat' dir='ltr'><strong><em>Re</em></strong></span> <span class='ocrx_word' id='word_1_294' title='bbox 1104 2411 1203 2458; x_wconf 78' lang='grc' dir='ltr'><strong><em>μάχῃ</em></strong></span> <span class='ocrx_word' id='word_1_295' title='bbox 1226 2411 1359 2448; x_wconf 78' lang='lat' dir='ltr'><em>VVoS</em></span> <span class='ocrx_word' id='word_1_296' title='bbox 1377 2411 1452 2447; x_wconf 85' lang='lat' dir='ltr'><strong><em>edd</em></strong></span> <span class='ocrx_word' id='word_1_297' title='bbox 1488 2410 1587 2457; x_wconf 83' lang='grc' dir='ltr'><strong><em>μάχη</em></strong></span> 
     </span>
     <span class='ocr_line' id='line_1_33' title="bbox 218 2459 1586 2506; baseline -0.002 -10"><span class='ocrx_word' id='word_1_298' title='bbox 218 2461 264 2496; x_wconf 75' lang='lat' dir='ltr'><strong><em>Vi</em></strong></span> <span class='ocrx_word' id='word_1_299' title='bbox 288 2461 297 2504; x_wconf 93' lang='grc'>1</span> <span class='ocrx_word' id='word_1_300' title='bbox 326 2461 472 2506; x_wconf 81' lang='grc' dir='ltr'><strong><em>κεφαλὴ</em></strong></span> <span class='ocrx_word' id='word_1_301' title='bbox 493 2460 546 2496; x_wconf 87' lang='lat' dir='ltr'><strong><em>Vo</em></strong></span> <span class='ocrx_word' id='word_1_302' title='bbox 571 2460 666 2496; x_wconf 73' lang='lat' dir='ltr'><strong><em>sed*</em></strong></span> <span class='ocrx_word' id='word_1_303' title='bbox 764 2471 848 2496; x_wconf 82' lang='lat' dir='ltr'>corr</span> <span class='ocrx_word' id='word_1_304' title='bbox 873 2459 931 2496; x_wconf 77' lang='lat' dir='ltr'><strong><em>m&#39;</em></strong></span> <span class='ocrx_word' id='word_1_305' title='bbox 1012 2464 1056 2495; x_wconf 86' lang='grc'><strong><em>16</em></strong></span> <span class='ocrx_word' id='word_1_306' title='bbox 1083 2460 1149 2496; x_wconf 72' lang='grc' dir='ltr'><strong><em>καὶ</em></strong></span> <span class='ocrx_word' id='word_1_307' title='bbox 1177 2459 1322 2495; x_wconf 86' lang='lat' dir='ltr'><strong>inserui</strong></span> <span class='ocrx_word' id='word_1_308' title='bbox 1348 2470 1368 2495; x_wconf 87' lang='lat' dir='ltr'><strong>e</strong></span> <span class='ocrx_word' id='word_1_309' title='bbox 1401 2459 1435 2494; x_wconf 80' lang='lat' dir='ltr'><strong><em>V</em></strong></span> <span class='ocrx_word' id='word_1_310' title='bbox 1448 2460 1500 2496; x_wconf 87' lang='lat' dir='ltr'><strong><em>Vo</em></strong></span> <span class='ocrx_word' id='word_1_311' title='bbox 1521 2459 1586 2494; x_wconf 73' lang='lat' dir='ltr'><strong><em>sed</em></strong></span> 
     </span>
     <span class='ocr_line' id='line_1_34' title="bbox 209 2471 1386 2553; baseline 0.001 -11"><span class='ocrx_word' id='word_1_312' title='bbox 209 2508 249 2542; x_wconf 89' lang='lat' dir='ltr'><strong><em>in</em></strong></span> <span class='ocrx_word' id='word_1_313' title='bbox 275 2508 347 2544; x_wconf 85' lang='lat' dir='ltr'><strong><em>hoc</em></strong></span> <span class='ocrx_word' id='word_1_314' title='bbox 371 2508 474 2544; x_wconf 83' lang='lat' dir='ltr'><strong>inser</strong></span> <span class='ocrx_word' id='word_1_315' title='bbox 498 2508 567 2553; x_wconf 63' lang='grc' dir='ltr'><strong><em>ω’</em></strong></span> <span class='ocrx_word' id='word_1_316' title='bbox 593 2520 679 2545; x_wconf 84' lang='lat' dir='ltr'><strong><em>cum</em></strong></span> <span class='ocrx_word' id='word_1_317' title='bbox 693 2471 760 2545; x_wconf 70' lang='lat' dir='ltr'><strong><em>eRe</em></strong></span> <span class='ocrx_word' id='word_1_318' title='bbox 785 2519 846 2544; x_wconf 92' lang='lat' dir='ltr'><strong><em>om</em></strong></span> <span class='ocrx_word' id='word_1_319' title='bbox 872 2508 959 2545; x_wconf 76' lang='lat' dir='ltr'><strong><em>SVi</em></strong></span> <span class='ocrx_word' id='word_1_320' title='bbox 985 2508 1059 2544; x_wconf 87' lang='lat' dir='ltr'><strong><em>edd</em></strong></span> <span class='ocrx_word' id='word_1_321' title='bbox 1136 2512 1179 2543; x_wconf 82' lang='grc'><strong><em>17</em></strong></span> <span class='ocrx_word' id='word_1_322' title='bbox 1207 2508 1249 2544; x_wconf 77' lang='grc' dir='ltr'><strong><em>δὲ</em></strong></span> <span class='ocrx_word' id='word_1_323' title='bbox 1278 2507 1386 2544; x_wconf 86' lang='lat' dir='ltr'>Wolf</span> 
     </span>
    </p>
   </div>
   <div class='ocr_carea' id='block_1_11' title="bbox 1611 869 1657 901">
    <p class='ocr_par' dir='ltr' id='par_1_12' title="bbox 1611 869 1657 901">
     <span class='ocr_line' id='line_1_35' title="bbox 1611 869 1657 901; baseline -0.022 0"><span class='ocrx_word' id='word_1_324' title='bbox 1611 869 1657 901; x_wconf 84' lang='lat'><strong><em>50</em></strong></span> 
     </span>
    </p>
   </div>
   <div class='ocr_carea' id='block_1_12' title="bbox 1605 1138 1639 1164">
    <p class='ocr_par' dir='ltr' id='par_1_13' title="bbox 1605 1138 1639 1164">
     <span class='ocr_line' id='line_1_36' title="bbox 1605 1138 1639 1164; baseline -0.029 0"><span class='ocrx_word' id='word_1_325' title='bbox 1605 1138 1639 1164; x_wconf 88' lang='grc'><strong><em>10</em></strong></span> 
     </span>
    </p>
   </div>
   <div class='ocr_carea' id='block_1_13' title="bbox 1606 1472 1639 1498">
    <p class='ocr_par' dir='ltr' id='par_1_14' title="bbox 1606 1472 1639 1498">
     <span class='ocr_line' id='line_1_37' title="bbox 1606 1472 1639 1498; baseline 0 0"><span class='ocrx_word' id='word_1_326' title='bbox 1606 1472 1639 1498; x_wconf 82' lang='grc'><strong><em>15</em></strong></span> 
     </span>
    </p>
   </div>
  </div>
 </body>
</html>
