1806 2964
279 231 363 274 706
857 230 1041 266 LIBANII

203 352 253 386 W
280 353 347 385 693
901 339 1012 395 zpwy'.

787 423 852 465 Κέ
858 427 879 464 λ
886 436 909 464 σ
917 441 959 481 ῳ.
1011 434 1118 479 (362)

341 513 376 550 1.
407 509 601 557 Τοιαύτας
625 508 704 549 ἔδει
729 519 771 548 σε
795 503 890 562 παρ’
920 506 1049 548 ἄλλων
1083 507 1287 558 ἐπιστολὰς
1318 508 1417 563 ὑπὲρ
1442 511 1632 554 τοιούτων

279 574 476 628 δέχεσθαι,
506 573 556 615 σὺ
588 570 625 615 δ’
660 572 838 627 ἀποδρὰς
868 572 941 626 τὴν
972 580 1051 614 τῶν
1081 575 1302 615 παιδευτῶν
1333 575 1443 624 τάξιν
1473 577 1529 625 εἷς
1558 577 1633 630 τὴν

243 655 259 682 5
279 648 358 682 τῶν
395 639 595 695 ἀρχόντων
632 639 824 692 εἰσῆλθες.
876 641 913 678 2.
951 634 1020 679 εἶτ’
1060 638 1186 680 έκεῖνο
1224 638 1296 693 μὲν
1329 642 1405 682 σὺν
1439 640 1631 699 ἐπιστήμῃ

347 706 358 721 Ι
508 704 520 721 θ
610 702 940 720 ’’’’’
1107 709 1124 716 α,

278 772 485 826 ἐτύγχανες
514 770 587 824 ὥν,
617 769 828 811 κάνταῦθα
859 769 910 810 ἂν
941 769 1123 823 ἐκράτεις.
1173 771 1298 820 οὕτως
1328 771 1565 826 εὐτράπελόν
1595 789 1633 814 τι

277 843 408 892 χρῆμα
432 836 506 889 τὴν
532 836 608 889 σὴν
633 835 758 888 φύσιν
784 833 805 876 ὁ
829 835 927 884 θεὸς
945 834 1184 888 ἐτεκτήνατο.
1221 835 1287 877 καὶ
1307 837 1427 888 μόνος
1445 832 1502 878 ὧν
1522 837 1634 891 ἴσμεν

280 903 351 956 οὐχ
376 902 436 943 ὅτι
461 902 670 958 ῥᾳθυμεῖς,
696 897 780 941 ἀλλ’
809 900 868 941 ’ὅτι
893 900 946 954 μὴ
973 901 1140 951 δάκνεις,
1166 900 1320 958 ἐγκαλῇ.
1360 905 1396 945 3.
1423 901 1465 944 σὲ
1490 901 1532 944 δὲ
1558 919 1634 957 μη-

227 984 260 1010 10
281 967 348 1009 δὲν
376 965 640 1020 μεταβαλλέτω
666 964 765 1019 μηδὲ
789 966 957 1007 λυπείτω
983 969 1131 1019 μᾶλλον
1156 965 1258 1022 ἀνὴρ
1284 968 1448 1020 μεθύων
1473 966 1634 1023 ‘33¹⁹qu-

278 1050 347 1087 ρος
372 1033 547 1074 ἐπαινῶν
576 1030 820 1086 εὐφραινέτω
845 1030 912 1072 καὶ
937 1031 1031 1084 μετὰ
1062 1038 1131 1073 τοῦ
1162 1039 1330 1086 ποιητοῦ
1355 1034 1497 1083 πάντες
1521 1035 1633 1075 Κίλι-

278 1114 344 1148 κες
374 1097 441 1139 καὶ
470 1097 548 1153 πρὸ
578 1103 657 1138 τῶν
687 1096 816 1138 ἄλλων
840 1097 1016 1138 Κιλίκων
1036 1094 1240 1151 Ἀντικλῆς
1264 1097 1285 1139 ὁ
1311 1099 1454 1152 ῥήτωρ,
1486 1095 1535 1140 οὗ
1559 1099 1633 1153 τὴν

277 1170 424 1218 ψῆφον
448 1161 699 1217 ἰσχυροτέραν
724 1161 929 1215 νομιστέον
947 1161 1181 1216 ἀμφοτέρων
1205 1167 1282 1204 τῶν
1306 1162 1490 1218 ἠπείρων.
1526 1167 1565 1206 4.
1592 1163 1635 1206 σὲ
1654 1163 1656 1166 ’

280 1229 352 1283 μὲν
378 1230 481 1270 οὕτω
508 1229 574 1269 δεῖ
592 1232 770 1282 φρονεῖν,
795 1226 817 1269 ὁ
843 1226 886 1268 δὲ
910 1227 1000 1276 νέος
1025 1227 1145 1269 οὐδὲν
1169 1227 1386 1270 ἐλαττόνων
1411 1228 1437 1282 ἢ
1463 1230 1513 1271 σὺ
1537 1230 1634 1286 πρό-

229 1311 262 1338 ισ
280 1310 394 1345 τερον
418 1294 599 1344 τεύξεται.

208 1399 256 1434 W
282 1403 352 1435 694
899 1386 1011 1441 ψπδ’

751 1470 991 1529 Ἀταρβίῳ.
1044 1483 1150 1526 (362)

344 1562 379 1598 1.
411 1558 615 1612 Τύραννος
646 1555 780 1598 οὑτοσὶ
810 1555 877 1596 καὶ
907 1555 1009 1610 ἀνὴρ
1040 1556 1205 1611 χρηστὸς
1234 1556 1300 1597 καὶ
1326 1557 1457 1610 ἰατρὸς
1482 1556 1636 1612 ἀγαθὸς

280 1622 347 1664 καὶ
372 1621 470 1676 ἡμῖν
497 1623 613 1675 φίλος
638 1621 704 1663 καὶ
728 1628 806 1663 τῶν
833 1621 899 1662 διὰ
916 1621 990 1674 τὴν
1009 1620 1150 1676 τέχνην
1169 1621 1212 1663 ἓν
1230 1623 1441 1675 βασιλείοις
1461 1622 1535 1664 οὐκ
1555 1622 1634 1664 ὀλί-

226 1707 261 1732 20
279 1704 353 1743 γον
388 1688 438 1741 δὴ
473 1688 616 1742 χρόνον
650 1687 910 1742 βεβιωκότων.
957 1685 1120 1740 ἠδίκησε
1156 1686 1198 1729 δὲ
1231 1687 1350 1728 ἄλλον
1385 1687 1456 1741 μὲν
1490 1688 1636 1730 οὐδένα

281 1754 534 1796 οὐδεπώποτε
567 1753 817 1807 ἀνθρώπων,
849 1752 971 1794 αὑτὸν
1004 1751 1046 1793 δὲ
1076 1758 1153 1793 νῦν
1183 1754 1393 1802 πιστεύσας
1429 1752 1635 1811 ἀνθρώπῳ

280 1821 398 1876 δεινῷ
422 1826 632 1874 γοητεῦσαι
656 1819 786 1873 λόγοις
811 1818 878 1860 καὶ
902 1823 1034 1860 πεῖσαι
1058 1818 1127 1860 τὸν
1147 1817 1343 1860 ἀκούοντα
1362 1819 1505 1860 δοῦναι
1522 1820 1636 1873 χάριν

279 1884 416 1941 ἐκείνῳ
442 1884 514 1938 μὲν
539 1884 835 1939 συμφέρουσαν,
860 1883 967 1941 αὐτῷ
993 1882 1035 1924 δὲ
1053 1883 1260 1939 βλαβεράν.
1301 1886 1337 1925 2.
1358 1891 1436 1925 νῦν
1455 1878 1529 1925 οὖν
1549 1885 1636 1937 ἥκει

353 1994 372 2025 1
406 1990 474 2025 VH
495 1988 542 2035 β’,
567 1987 664 2032 ροθ’.
697 1987 754 2023 Va
779 1986 822 2031 ζ,
847 1986 914 2032 ρο’.
941 1987 993 2023 Vo
1019 1986 1089 2034 (ζ’),
1108 1986 1175 2032 ρο’.
1197 1987 1267 2023 Mo
1335 1990 1379 2022 16
1406 1988 1473 2023 VH
1488 1986 1536 2034 β’,
1561 1987 1634 2033 ρκ’.

286 2037 343 2072 Va
367 2035 409 2080 ζ’,
436 2034 529 2080 ροα’.
561 2035 614 2072 Vo
639 2034 710 2082 (ζ),
737 2034 829 2080 ροα’.
859 2036 926 2072 Mo
941 2062 949 2070 .
965 2035 1042 2071 Ath

352 2135 373 2166 2
400 2130 544 2166 Sievers
570 2134 615 2166 90
640 2133 717 2166 not.
738 2134 794 2166 29.
823 2129 940 2166 Seeck
967 2133 1046 2165 105.
1067 2133 1138 2166 395
1215 2134 1258 2165 17
1286 2129 1404 2166 Seeck
1422 2133 1478 2165 91.
1500 2133 1569 2165 395

353 2243 374 2274 5
401 2238 469 2273 σὺν
494 2238 552 2273 in„
543 2249 594 2273 er
620 2238 674 2274 V⁴
747 2241 768 2273 9
794 2234 978 2283 ραθυμετς
1003 2236 1091 2272 libri
1115 2236 1223 2272 Wolf
1264 2238 1270 2283 Ι
1309 2235 1473 2281 δάκνεις,
1499 2235 1634 2283 ἐγκαλῇ

282 2285 415 2331 scripsi
441 2297 460 2320 e
486 2285 596 2322 VMo
632 2284 792 2332 δάκνῃς,
825 2285 973 2330 ἐγκαλεῖ
996 2284 1113 2321 VaVo
1143 2283 1252 2320 Wolf
1290 2283 1459 2328 δάκνεις,
1493 2283 1639 2328 ἐγκαλεῖ

281 2333 336 2370 Re
410 2335 454 2367 10
480 2332 529 2379 μὴ
554 2331 596 2369 δὲ
625 2333 675 2369 Vo
697 2334 702 2378 Ι
723 2298 864 2378 ψέγωνγ
878 2334 964 2368 ante
989 2331 1086 2376 ἀνὴρ
1113 2333 1166 2368 Vo
1191 2331 1258 2367 sed
1282 2331 1384 2367 inser
1401 2331 1468 2377 111⁴,
1493 2330 1599 2366 Wolf

282 2380 405 2417 delevi
498 2383 541 2415 12
566 2378 731 2416 Κιλίκων
756 2379 897 2415 inserui
923 2390 943 2415 e
968 2378 1074 2414 libris
1117 2389 1178 2415 om
1202 2378 1310 2415 Wolf
1403 2382 1447 2414 14
1473 2378 1636 2422 ἔλαττον,

282 2425 384 2473 ὦνῆ
410 2427 479 2464 Mo
552 2431 595 2462 21
624 2426 713 2463 οὐδὲ
738 2428 888 2463 πώποτε
914 2428 949 2464 V
988 2425 1077 2463 οὐδὲ
1101 2432 1252 2463 πῶποτε
1278 2427 1331 2463 Vo
1352 2428 1358 2473 Ι
1379 2423 1496 2462 αὐτὸν
1523 2426 1577 2462 Va

282 2480 326 2511 23
353 2475 453 2522 αὐτῷ
477 2474 567 2510 libri
591 2473 701 2510 Wolf
