1806 2964
292 236 378 278 638
875 235 1058 271 LIBANH

291 347 442 400 φράσω.
486 347 636 395 πάντας
669 344 782 403 ᾔδειν
811 346 1077 398 ἐθελήσοντας
1107 348 1216 400 παρὰ
1247 348 1309 389 σοὶ
1340 349 1550 390 καταλύειν
1579 349 1648 390 καὶ

291 420 468 466 τρυφᾶν·
502 413 552 453 σὺ
584 408 622 452 δ’
651 411 700 453 ού
732 411 940 464 δεχόμενος
973 411 1044 465 μὲν
1075 412 1225 462 ἐδόκεις
1256 412 1307 454 ἂν
1338 413 1506 455 ἀδικεῖν·
1544 415 1581 456 εἰ
1603 414 1648 456 δὲ

291 477 523 529 καθήμενος
548 475 711 525 ε’ξένιζες
735 477 896 526 πλείους
921 483 1000 517 τῶν
1026 478 1203 531 φύλλων,
1228 477 1395 532 ὀχληρὸν
1415 477 1465 519 ἂν
1485 475 1550 533 ἦν,
1576 479 1649 533 οὐχ

291 543 394 583 οὕτω
425 541 523 582 κατὰ
556 541 630 594 τὴν
661 541 866 594 δαπάνην,
898 539 982 582 ἀλλ’
1005 543 1064 583 ὅτι
1093 543 1140 583 τὰ
1164 550 1242 584 τῶν
1266 543 1399 598 ἀγρῶν
1425 543 1543 599 ἐχρῆν
1567 543 1647 586 ὀλι-

255 625 271 649 ⁶
291 611 520 662 γωρεῖσθαι.
557 609 595 648 3.
620 606 687 647 καὶ
711 607 792 657 ’ἅμα
817 607 910 656 τοὺς
934 606 1179 662 ἀνθρώπους
1204 608 1315 666 ᾔδειν
1339 608 1550 658 ἐσθίοντας
1575 609 1648 663 μὲν

291 671 438 725 ἡδέως,
476 676 704 725 μεμνῆσθαι
736 671 778 712 δὲ
811 673 941 721 ξενίας
972 673 1047 714 οὐκ
1077 674 1248 727 εἰδότας,
1286 671 1370 715 ἀλλ’
1399 673 1650 727 ἡγουμένους

292 736 580 793 ἀνδρεῖον,’ἂν
611 738 748 778 εἴπωσι
778 745 909 786 κακῶς
940 738 1034 786 τοὺς
1060 737 1388 790 ὑποδεξαμένους.
1433 743 1471 780 4.
1497 738 1650 781 οὔκουν

291 803 519 855 ἀποστήσας
537 815 612 844 σου
629 803 703 855 τὴν
722 802 893 856 ἐμαυτοῦ
913 804 1050 857 ψυχὴν
1069 803 1224 858 ἐσίγων.
1248 799 1334 844 ἀλλ’
1350 804 1458 854 ὅπως
1477 804 1648 858 μηδενός

293 883 356 910 σοι
380 870 570 924 γενοίμην
597 864 687 921 μήτ’
709 869 860 921 ἀηδοῦς
886 869 1010 918 αἴτιος
1035 868 1129 922 μήτε
1154 875 1294 918 κακοῦ,
1321 868 1471 922 μέλλειν
1496 868 1648 922 ἠξίουν.

241 951 274 976 ιο
296 940 334 976 5.
360 933 443 975 ἐπεὶ
475 929 514 975 δ’
536 928 611 974 οὖν
636 933 835 987 ἐλαβόμην
861 934 1098 987 Μικκάλου,
1123 941 1238 975 τοῦτο
1265 933 1308 975 δέ
1332 934 1437 975 ε’στιν
1461 934 1651 988 ἐμαυτοῦ,

292 1000 433 1054 γράφω
474 1000 582 1040 λύων
618 1015 656 1040 τε
687 998 761 1051 τὴν
792 999 922 1040 αἰτίαν
952 999 1016 1040 καὶ
1048 999 1362 1053 ἀναμιμνήσκων
1393 1012 1435 1041 σε
1448 1006 1544 1049 ,τῶν
1573 1014 1649 1041 πα-

292 1070 415 1106 λαιῶν
441 1065 742 1118 μαντευμάτων,
770 1063 813 1105 ἓν
841 1061 900 1114 οἷς
931 1064 1150 1119 προῦλεγον
1175 1064 1229 1114 ὡς
1255 1066 1344 1118 ἥξοι
1368 1065 1508 1119 χρόνος
1531 1064 1650 1106 ἀπαι-

292 1137 372 1172 τῶν
397 1130 539 1184 λόγους
564 1129 631 1171 καὶ
655 1130 763 1170 λύων
788 1130 925 1179 ζώνας.
959 1132 997 1171 6.
1023 1129 1086 1171 σοὶ
1112 1128 1149 1170 δ’
1171 1130 1333 1172 ἐκείνων
1352 1146 1391 1171 τε
1411 1129 1465 1183 μὴ
1485 1130 1652 1184 διαμαρ-·

292 1200 375 1237 τεῖν
407 1195 558 1248 ὑπῆρξε
589 1194 665 1235 κάν
696 1199 777 1243 τοῖς
802 1201 999 1248 παροῦσιν
1023 1196 1102 1236 ἔστι
1126 1211 1184 1244 τις
1209 1196 1334 1249 χώρα,
1364 1197 1585 1249 βουλοίμην
1610 1193 1651 1236 δ’

241 1277 274 1303 1⁵
294 1260 345 1302 ἂν
376 1259 543 1312 εἰδέναι,
575 1262 633 1309 τίς
665 1273 727 1301 σοι
757 1261 896 1314 γνώμη
928 1260 995 1302 καὶ
1025 1262 1065 1301 τί
1093 1266 1223 1319 σαυτῷ
1245 1261 1469 1315 χρήσασθαι
1494 1262 1650 1318 διανοῇ.

223 1400 270 1434 w
298 1403 366 1436 σιτ
935 1387 1013 1443 ψε’.

744 1471 1070 1532 Ἀπολιναρίφ.
1098 1479 1205 1522 (362)

361 1562 397 1599 1.
427 1556 558 1599 Οὐδὲν
591 1553 701 1610 οἶμαι
732 1558 816 1598 δεῖν
844 1558 1172 1612 προοιμιάζεσθαι
1196 1557 1309 1613 χάριν
1335 1558 1522 1599 αἰτοῦντα
1544 1558 1652 1610 παρὰ

296 1624 429 1676 φίλου.
470 1623 619 1664 οὐκοῦν
643 1623 783 1674 εὐθύς,
809 1621 831 1664 ὃ
856 1624 921 1664 δεῖ
940 1635 982 1664 σε
1005 1627 1150 1677 ποιεῖν,
1174 1623 1259 1677 ἐρῶ.
1293 1623 1494 1677 Μέγιστος
1517 1622 1653 1664 οὑτοσὶ

243 1705 278 1730 20
297 1689 488 1743 πρότερον
514 1687 586 1741 μὲν
610 1683 663 1742 ἦν
687 1695 766 1730 τῶν
791 1689 1087 1730 διακονούντων
1112 1689 1330 1743 Χρυσηίδι,
1366 1695 1441 1729 νῦν
1466 1687 1510 1729 δὲ
1532 1687 1652 1730 ταύτὸ

296 1757 500 1808 Βασσιανῇ
519 1757 676 1807 πληροῖ,
700 1752 777 1794 κᾶν
796 1753 924 1809 ἀφέλῃ
943 1770 1001 1803 τις
1020 1753 1157 1807 αὐτόν,
1176 1753 1222 1794 τὰ
1241 1754 1448 1808 πράγματα
1466 1753 1652 1806 ἔβλαψεν.

373 1862 414 1891 16
449 1857 515 1892 Vn
537 1856 584 1903 β’,
610 1855 678 1903 (ιγ’.
713 1857 769 1893 Va
794 1856 837 1902 ζ,
863 1855 937 1903 qoe'.
965 1857 1018 1894 Vo
1043 1856 1112 1903 (ζ’),
1138 1856 1214 1903 qa'.
1241 1858 1320 1893 Mo.
1347 1857 1423 1893 Ath

370 1958 390 1987 3
417 1952 458 1987 n.
479 1953 502 1999 β
526 1955 607 1988 468.
634 1950 702 1987 od.
723 1965 737 1987 ι
763 1955 807 1987 51
878 1954 922 1987 10
941 1951 986 1988 cf.
1006 1953 1032 1987 t.
1053 1950 1105 1987 lv
1124 1954 1206 1996 400,
1221 1954 1326 1997 18sq.
1347 1961 1405 1998 ep.
1425 1954 1481 1987 99.
1509 1950 1654 1986 Sievere

299 2002 426 2044 283‚2.
463 1999 579 2035 Seeck
605 2002 675 2034 228
761 2002 805 2034 17
832 1998 949 2035 Seeck
975 1997 1100 2034 79111.
1121 2002 1191 2034 390
1274 2002 1318 2034 19
1344 1999 1391 2034 of.
1407 2009 1465 2044 ep.
1486 2002 1556 2034 626

299 2051 338 2082 21
371 2047 415 2081 of.
446 2047 493 2080 nd
520 2057 579 2092 ep.
607 2050 676 2082 ⁶42

373 2153 390 2183 1
420 2146 673 2192 ἐθολήσαντας
697 2147 774 2183 Ath
846 2151 867 2182 3
894 2145 1014 2193 φίλων
1041 2148 1109 2183 Mo
1134 2147 1210 2183 Ath
1282 2150 1303 2182 9
1329 2145 1451 2191 μέλειν
1478 2145 1566 2182 Vos

301 2198 345 2230 10
371 2194 549 2240 μικάλλου
575 2195 611 2231 V
681 2199 723 2230 12
750 2193 830 2240 ἥξει
857 2196 909 2232 Vo
935 2194 1001 2230 sed
1027 2207 1044 2230 ε
1070 2204 1115 2230 ex
1140 2207 1160 2230 o
1186 2204 1268 2230 corr
1290 2194 1359 2239 ω’,
1386 2195 1454 2230 Mo
1477 2192 1586 2229 Wolf

1606 2254 1653 2285 vo

301 2293 346 2325 14
372 2287 445 2326 κᾶν
472 2290 624 2326 MoAth
659 2287 734 2325 παῦ
758 2289 814 2325 Re
833 2290 842 2335 Ι
861 2286 918 2330 τίς
945 2289 1036 2325 VVo
1086 2293 1129 2324 15
1148 2291 1313 2335 χρῆσθαι
1331 2289 1408 2324 Ath
1458 2291 1501 2323 1¹1
1528 2286 1641 2323 ἀπολί

306 2338 359 2374 Vo
434 2341 477 2372 18
503 2337 590 2381 περὶ
614 2338 690 2374 Ath
765 2340 807 2373 19
835 2336 929 2381 ἐρῶν
956 2337 1008 2373 Vo
1032 2335 1139 2372 Wolf
1166 2336 1231 2372 sed
1263 2347 1346 2371 corr
1370 2335 1456 2371 Add
1487 2338 1556 2370 863

301 2389 344 2420 21
373 2388 564 2431 Βασσιανῇ
590 2383 722 2430 scripsi
756 2395 802 2420 ex
827 2385 903 2420 Aa»
928 2383 1002 2419 coll
1026 2394 1085 2429 ep.
1105 2387 1186 2419 225.
1206 2386 1286 2418 230.
1309 2387 1378 2419 642
1434 2382 1596 2428 βασιανὴ
1623 2382 1660 2418 V

301 2431 389 2515 setll'
417 2432 484 2467 in‘
506 2442 589 2467 corr
612 2431 668 2466 m⁶
710 2432 872 2478 βασιανῇ
899 2431 1032 2468 VaMo
1063 2430 1170 2466 Wolf
1207 2430 1388 2478 βασσιανὴ
1415 2430 1468 2467 Vo
1489 2430 1495 2477 Ι
1516 2429 1654 2475 ἀφέλη-

300 2494 346 2514 τα
391 2481 457 2515 Mo
478 2481 483 2515 1
505 2477 561 2518 τίς
588 2480 702 2514 VnVo
