1806 2964
300 208 388 252 272
899 208 1043 245 LIBAN
1048 209 1082 244 11

226 350 277 387 W
302 355 372 388 290
936 342 1038 385 th‘.

800 429 1021 484 Μαξίμῳ.
1056 432 1162 475 (361)

366 517 403 553 1.
418 508 586 565 Ἥσθην
611 507 673 560 οἷς
691 511 880 566 ἔγραψας.
918 511 946 551 ἅ
975 526 1014 552 τε
1044 510 1120 566 γὰρ
1149 511 1375 564 ἐβουλόμην
1406 509 1575 564 ἐμήνυες
1599 510 1666 552 καὶ

300 576 343 618 τὸ
368 578 512 627 κάλλος
536 573 589 631 ἦν
613 576 822 631 ἀμήχανον
847 572 935 618 οἷον
961 583 1031 630 τῆς
1055 576 1282 629 ἐπιστολῆς,
1307 575 1404 617 ὥστε
1429 591 1508 630 μου
1539 577 1665 630 βοῶν·

266 658 283 684 5
304 658 372 692 τος
396 639 460 684 ἐπ’
483 642 644 697 ἀγορᾶς,
668 642 750 684 ἐκεῖ
772 657 810 683 τε
834 642 909 697 γὰρ
928 642 1071 696 ἔλαβον
1089 642 1156 683 καὶ
1174 641 1307 696 λαβὼν
1325 641 1453 691 εὐθὺς
1471 640 1666 697 ἀνέγνων,

300 703 374 760 ἐφ’
403 707 491 763 ὅτῳ
518 709 656 766 βοᾷς;
689 707 803 761 ἤρετο
829 708 1095 763 Στρατήγιος,
1119 707 1189 749 τὸν
1213 707 1521 760 πολιτευόμενον
1551 707 1665 763 λέγω,

299 772 366 814 καὶ
390 773 516 828 γνοὺς
540 772 694 828 ἀνέγνω
720 789 759 815 τε
783 772 851 814 καὶ
875 773 1047 826 ἔμιμεῖτό
1079 788 1158 826 μου
1189 773 1264 826 τὴν
1298 772 1413 827 βοήν.
1459 775 1497 814 2.
1524 773 1588 814 ἴθι
1612 772 1664 826 δὴ

299 838 367 880 καὶ
392 834 536 882 τοῦτον
561 838 661 893 ἡμῖν
686 835 731 881 εὖ
755 840 862 881 ποίει
885 839 953 881 καὶ
978 840 1085 892 φίλει
1103 840 1228 880 παῖδα
1254 837 1349 880 ὄντα
1373 838 1481 892 ἐμόν.
1507 838 1666 889 πάντως

301 903 344 946 δὲ
370 904 420 947 οὔ
445 921 514 957 μοι
545 906 772 959 νεμεσήσεις
802 905 906 947 οὕτω
937 908 1122 946 καλοῦντι
1152 905 1223 947 τὸν
1248 905 1462 958 μαθητήν,
1495 902 1540 954 ὃς
1570 904 1664 959 μετὰ

245 986 281 1013 ιο
298 974 457 1012 πολλῶν
482 970 668 1025 έφοίτησε
699 968 794 1027 παρ’
823 970 902 1026 ἐμέ,
934 970 1121 1024 μέμψεως
1152 969 1195 1012 δὲ
1226 966 1309 1024 μετ’
1336 969 1482 1026 ὀλίγων
1512 970 1663 1026 ἐγένετο

297 1037 483 1090 κρείττων
516 1036 584 1078 καὶ
613 1044 737 1078 ταῦτα
768 1043 942 1091 συνεχῶς
973 1037 1265 1091 συνδιατρίβων
1294 1051 1335 1078 τε
1370 1036 1438 1077 καὶ
1471 1035 1665 1091 τραπέζης

297 1108 505 1144 κοινωνῶν
537 1101 606 1144 καὶ
636 1109 716 1144 τῶν
748 1102 842 1156 μετὰ
875 1103 1123 1157 μεσημβρίαν
1153 1102 1291 1144 πόνων
1321 1101 1390 1143 καὶ
1419 1103 1525 1144 ὅσων
1559 1102 1664 1152 εἰκὸς

298 1169 511 1210 νεανίσκον
543 1168 829 1222 πιστευόμενον
864 1168 930 1209 διὰ
971 1168 1039 1209 τὸν
1072 1167 1233 1223 τρόπον.
1280 1171 1316 1209 3.
1352 1169 1478 1226 τούτῳ
1512 1167 1555 1209 τὸ
1590 1166 1663 1222 μὲν

297 1232 413 1287 γένος
439 1234 484 1275 ἔκ
507 1249 547 1275 τε
579 1229 636 1275 ὧν
667 1232 796 1288 ἄρχεις
821 1233 888 1275 καὶ
913 1236 1122 1287 Γαλατῶν,
1153 1234 1300 1275 πλείων
1331 1232 1374 1275 δὲ
1405 1233 1514 1291 αὐτῷ
1548 1233 1662 1289 λόγος

246 1314 279 1341 1⁶
298 1293 349 1351 ἧς
372 1298 503 1354 ἄρχεις
527 1301 598 1341 καί
619 1315 704 1349 πως
735 1299 799 1341 ἐπὶ
829 1300 903 1353 τὴν
930 1301 1135 1354 Ἀρμενίαν
1165 1299 1273 1354 ῥέπει
1303 1300 1436 1341 πάλαι.
1478 1305 1594 1341 τοῦτο
1619 1297 1663 1341 δὲ

296 1365 334 1405 εἰ
356 1364 423 1406 καὶ
449 1365 505 1419 μὴ
529 1365 722 1420 πρότερον
746 1364 883 1420 ἐποίει,
908 1365 1068 1415 πάντως
1092 1364 1143 1406 ἂν
1167 1372 1246 1407 νῦν
1270 1364 1403 1419 ἐφάνη
1428 1371 1556 1406 ποιῶν
1587 1371 1662 1407 σοῦ

295 1429 367 1479 τὰς
408 1432 543 1481 πόλεις
585 1432 756 1485 Σαμίων
788 1430 900 1485 ἄνθη
938 1430 1037 1484 φασὶ
1076 1430 1144 1472 καὶ
1186 1431 1339 1485 λαύραν
1375 1430 1663 1484 ἀποφήναντος

298 1497 524 1549 Σαμιακήν.

366 1652 384 1683 1
420 1649 488 1685 Vn
509 1646 559 1693 α’,
585 1648 680 1693 σξθ’.
715 1648 840 1695 Va-y',
866 1647 935 1686 κε’.
971 1649 1021 1685 Vo
1046 1648 1093 1695 γ’,
1117 1647 1175 1685 κε’

371 1796 392 1826 2
419 1791 564 1828 Sievers
585 1796 667 1837 211,
682 1796 737 1827 11.
765 1791 883 1828 Seeck
903 1796 983 1828 20⁷.
1005 1795 1085 1829 377.
1113 1791 1280 1828 Silomon
1299 1795 1344 1827 47
1420 1795 1442 1826 4
1467 1790 1564 1827 Plat.
1585 1801 1660 1838 rep.

295 1838 350 1874 VI
373 1851 410 1885 p.
426 1843 495 1875 509
511 1841 561 1884 A;
588 1839 736 1878 Charm.
759 1852 795 1886 p.
812 1844 880 1876 155
895 1840 939 1884 C3
959 1851 1063 1876 conv.
1077 1852 1113 1886 p.
1135 1844 1205 1876 218
1220 1839 1249 1875 Ε
1307 1844 1328 1876 6
1355 1839 1499 1875 Sievers
1513 1843 1660 1883 211‚11.

296 1886 415 1922 Seeck
442 1890 512 1923 284
571 1890 576 1933 Ι
629 1887 675 1924 cf.
695 1889 723 1923 t.
743 1888 777 1923 11
791 1891 871 1932 322,
889 1892 932 1923 15
1032 1892 1076 1924 14
1102 1888 1149 1924 cf.
1175 1899 1232 1934 ep.
1255 1890 1335 1923 284.
1363 1887 1480 1923 Seeck
1506 1890 1573 1922 207

298 1938 341 1970 17
370 1935 416 1971 cf.
438 1946 496 1981 ep.
520 1939 623 1973 1175.
650 1935 816 1972 Clearch.
838 1935 939 1981 apud
959 1935 1095 1971 Athen.
1116 1935 1185 1972 XII
1202 1948 1238 1982 p.
1260 1939 1330 1971 540
1344 1935 1383 1972 F.
1410 1934 1540 1982 [Plan]
1555 1945 1658 1980 prov.

295 1981 402 2018 Alex.
421 1983 439 2019 I
459 1987 515 2020 61.
543 1983 745 2019 Salzmann
770 1986 816 2019 38

367 2131 390 2161 4
416 2125 510 2163 ὥστέ
539 2140 612 2172 μου
640 2127 694 2164 Va
703 2127 755 2163 Vo
827 2129 849 2162 5
875 2127 1064 2173 ἐπαγορᾶς
1089 2128 1145 2165 Va
1218 2130 1240 2162 6
1266 2127 1360 2174 βοῆν
1387 2127 1443 2163 Va
1486 2125 1580 2173 βοὴν
1606 2126 1659 2163 Vo

394 2177 413 2209 ‘1
441 2187 515 2219 μου
527 2174 679 2220 reposui
693 2185 714 2211 e
732 2174 840 2210 libris
878 2187 941 2219 μοι
964 2174 1068 2210 Wolf
1082 2175 1148 2210 sed
1168 2185 1250 2210 corr
1270 2174 1353 2210 Add
1374 2177 1442 2210 861
1496 2177 1540 2209 12
1560 2172 1658 2210 ὅσων

294 2221 448 2267 reposui
479 2233 500 2258 ο
533 2221 642 2258 libris
669 2224 712 2258 ut
736 2221 822 2258 coni
848 2221 955 2258 Wolf
975 2223 1031 2258 Re
1069 2221 1158 2259 ὅσον
1178 2221 1285 2258 Wolf
1332 2226 1376 2257 14
1401 2220 1514 2258 πλείω
1544 2221 1658 2258 Vsed

295 2282 319 2305 ν
344 2268 420 2304 add
445 2269 512 2315 m‘.
547 2271 663 2308 VaVo
706 2280 790 2306 corr
815 2269 923 2306 Wolf
1018 2274 1062 2306 16
1088 2270 1214 2317 ἄρχεις
1240 2270 1275 2305 V
1300 2270 1366 2305 sed
1399 2283 1418 2311 ς
1452 2270 1527 2306 add
1564 2269 1620 2305 m⁴
1648 2270 1655 2318 Ι

295 2315 480 2363 ἁρμενίαν
508 2318 602 2355 VVa
678 2321 721 2354 16
747 2323 817 2355 νῦν
842 2317 966 2365 ἐφάνη
991 2318 1032 2354 in
1056 2317 1117 2354 lac
1144 2321 1188 2354 10
1213 2317 1290 2354 fere
1315 2317 1382 2354 litt
1405 2318 1507 2353 inser
1533 2317 1604 2356 Vo'
