1806 2964
278 226 368 271 300
872 227 1057 263 numm

206 381 255 417 W
282 386 352 418 823
927 371 997 414 rx'.

781 458 1005 516 Μαξίμῳ.
1038 461 1146 505 (357)

344 545 380 582 1.
395 539 526 595 ’Ἁρχω
543 541 797 595 γραμμάτων,
816 537 866 581 οὗ
885 542 1051 594 μάλιστα
1068 539 1297 593 ἐπεθύμεις,
1315 541 1382 582 καὶ
1400 545 1483 591 τοῖς
1501 542 1646 597 ἔργοις,

281 603 335 647 δι’
365 602 422 648 ὧν
447 606 584 663 ᾔσθου
608 621 656 660 με
682 607 822 659 φίλον,
846 607 1091 659 προστίθημι
1115 607 1159 648 τὸ
1184 606 1419 648 ἐπιστέλλειν
1450 608 1546 657 ἴσως
1569 607 1645 649 οὐκ

244 687 261 713 ⁵
280 671 512 725 ἀτιμότερον
535 671 643 726 παρὰ
668 670 732 712 σοὶ
757 678 837 712 τῶν
867 671 993 725 ἔργων
1023 671 1196 714 ἐκείνων.
1233 676 1272 713 2.
1296 672 1363 713 καὶ
1386 680 1546 726 πρῶτον
1571 672 1644 726 μέν

281 749 324 778 σε
357 738 583 791 βουλοίμην
615 736 666 777 ἂν
700 737 799 790 ἅπερ
833 736 1009 791 ἔγνωκας
1043 741 1190 792 τηρεῖν,
1219 738 1452 792 ἐγίγνωσκες
1488 737 1531 780 δὲ
1566 736 1644 791 ἄρα

280 802 356 855 τὴν
385 799 574 857 ’Λραβίαν
610 802 830 855 εὐδαίμονα
861 806 991 843 ποιεῖν
1023 803 1132 844 πάνυ
1168 805 1332 855 φαύλως
1365 803 1533 858 ἔχουσαν
1563 802 1644 844 ὑπὸ

282 875 362 909 τῶν
398 869 532 909 οἴκαδε
567 867 751 920 τάκείνης
785 866 979 908 ἑλκόντων
1012 867 1157 921 ἀγαθά.
1203 868 1299 909 ἀλλὰ
1333 869 1384 910 σὺ
1416 868 1645 922 πενέστερος

281 933 347 974 ἐπὶ
372 940 442 986 τῆς
467 933 590 987 ἀρχῆς
615 933 686 988 ἔσῃ
711 933 789 984 πρὸ
814 939 886 973 τοῦ
909 934 1075 986 χρυσίου
1098 933 1142 975 τὸ
1173 933 1426 975 ἐπαινεῖσθαι
1455 934 1644 987 ποιούμε-

228 1014 262 1040 ιο
284 1014 364 1047 νος.
398 1001 436 1040 3.
461 998 677 1040 τοῦτοκαὶ
710 998 853 1052 Βάσσῳ
885 998 1042 1052 παρέχει
1072 998 1142 1048 τὰς
1172 998 1360 1052 ἀμείνους
1391 999 1573 1052 ἐλπίδας,
1596 996 1646 1040 ὃν

282 1065 349 1105 δεῖ
377 1071 456 1105 νῦν
490 1064 536 1105 τὰ
570 1063 695 1104 αὑτοῦ
729 1064 973 1116 κομίσασθαι
1008 1064 1074 1104 διὰ
1112 1070 1196 1105 σοῦ.
1240 1067 1382 1123 Βάσσῳ
1412 1064 1488 1120 γὰρ
1518 1064 1644 1121 τούτῳ

283 1134 390 1171 θεῖοι
422 1129 495 1183 μέν
526 1130 627 1171 εἰσιν
658 1128 743 1170 ἐκεῖ
767 1130 943 1183 πονηροί
969 1145 1072 1179 τινες
1103 1128 1338 1184 ἅνθρωποι,
1368 1132 1482 1180 θεῖὸς
1513 1128 1556 1171 δὲ
1580 1128 1644 1170 ἐν-

282 1200 417 1236 ταῦθα
441 1196 572 1251 ῥήτωρ
597 1210 637 1236 τε
661 1194 729 1236 καὶ
753 1194 857 1248 ἀνὴρ
883 1194 1058 1249 ἀγαθός,
1083 1196 1256 1249 Μάγνος
1282 1194 1408 1248 ὄνομα
1440 1195 1561 1253 αὐτῷ,
1587 1192 1646 1238 δι’.

283 1259 333 1301 ὃν
360 1261 412 1314 δὴ
438 1260 506 1302 καὶ
531 1261 693 1301 Βάσσου
718 1275 787 1313 μοι
813 1259 933 1313 μέλει·
959 1259 1029 1301 τὸν
1053 1259 1126 1313 μὲν
1150 1260 1226 1316 γὰρ
1246 1260 1498 1302 οὐδεπώποτε
1522 1257 1648 1313 εἶδον,

228 1339 262 1366 1⁵
283 1325 305 1368 ὃ
330 1326 374 1368 δὲ
399 1326 488 1367 ἀντὶ
512 1329 671 1367 πολλῶν
695 1326 779 1367 ἐστί
807 1341 885 1380 μοι.
924 1325 990 1366 καὶ
1016 1326 1091 1366 οὐκ
1121 1326 1227 1367 ἔστιν
1257 1325 1453 1380 ἀμελῆσαί
1475 1341 1542 1379 μοι
1565 1332 1646 1367 τῶν

282 1393 411 1433 τοῦδε.
451 1395 489 1434 4.
517 1392 656 1434 σκόπει
688 1392 845 1443 τοίνυν,
876 1392 979 1440 τίνες
1010 1389 1082 1443 μὲν
1113 1391 1156 1431 οἱ
1185 1397 1257 1431 τοῦ
1287 1390 1435 1444 πατρὸς
1467 1389 1646 1442 ἀδελφοί,

282 1458 341 1506 τίς
366 1457 410 1499 δὲ
435 1457 457 1499 ὁ
481 1464 553 1509 τῆς
583 1457 732 1510 μητρὸς
762 1452 890 1506 οὗτος·
929 1457 972 1497 οἱ
999 1455 1070 1509 μὲν
1101 1456 1149 1496 τὰ
1174 1456 1333 1497 Βάσσου
1364 1457 1646 1511 διηρπάκασιν,

283 1523 305 1564 ὁ
330 1521 369 1564 δ’
398 1524 506 1572 ὅπως
538 1524 699 1563 Βάσσου
717 1522 870 1576 γένοιτο
889 1522 935 1562 τὰ
955 1526 1131 1578 πατρῷα,
1149 1522 1280 1562 πάντα
1299 1525 1414 1563 ποιεῖ.
1439 1521 1507 1562 καὶ
1524 1523 1647 1562 πάλαι

281 1595 399 1630 τοῦτο
438 1590 565 1640 ζητῶν
602 1594 679 1628 νῦν
714 1588 827 1640 ἥκειν
851 1585 1003 1642 ἡγεῖται
1027 1586 1181 1641 καιρόν,
1207 1586 1274 1627 καὶ
1314 1590 1443 1635 καλῶς
1483 1584 1644 1640 ἡγεῖται.

357 1743 375 1774 1
411 1739 460 1774 V!
483 1738 529 1785 γ’,
555 1738 592 1775 ι’.
627 1739 682 1775 Va
707 1739 755 1783 δ’,
781 1739 817 1775 ι’.
854 1739 904 1775 Vo
930 1738 977 1782 δ’,
1004 1737 1042 1773 ι’.
1068 1738 1098 1774 S
1120 1737 1166 1782 δ’,
1193 1736 1238 1774 δ’.
1272 1738 1320 1774 Vi
1342 1737 1396 1774 π’

357 1886 378 1917 2
399 1881 517 1918 Seeck
530 1885 611 1918 207.
627 1885 709 1918 842.
734 1882 901 1918 Silomon
917 1886 935 1918 7
951 1893 1005 1927 sq.
1076 1885 1121 1917 10
1143 1880 1260 1917 Seeck
1272 1883 1316 1915 97
1387 1884 1432 1915 13
1452 1879 1568 1916 Seeck
1577 1882 1648 1916 200

361 2029 382 2060 ὁ
409 2022 452 2061 ὃν
477 2027 564 2071 post
600 2023 820 2071 ἀτιμότερον
852 2024 1093 2060 inserendum
1122 2024 1207 2059 coni
1236 2023 1291 2059 Ro
1317 2023 1477 2058 fortasse
1507 2023 1610 2058 rec-,te
1637 2022 1643 2070 Ι

288 2072 355 2118 μέν
380 2084 442 2108 om
469 2073 516 2108 Vi
582 2077 603 2109 6
629 2072 833 2120 βουλοίμην
857 2072 906 2108 ἄν
931 2083 972 2108 σε
998 2072 1044 2108 Vi
1064 2073 1070 2117 Ι
1092 2069 1289 2117 ἐγίνωσκες
1308 2070 1426 2107 VSVi
1483 2073 1503 2105 7
1530 2070 1579 2115 ἀρ
1581 2083 1646 2115 ροι-

288 2120 378 2167 βίαν
406 2121 458 2157 Vo
481 2120 590 2156 Wolf
635 2120 681 2156 cf.
702 2132 748 2166 ep
751 2123 863 2156 ..339
884 2123 952 2155 '162
1035 2125 1075 2154 11
1104 2120 1221 2155 αὐτοῦ
1248 2118 1421 2155 ῘῙαῩοῘῙί
1442 2083 1579 2153 Wolf‘²

291 2171 334 2204 12
361 2168 404 2204 δὲ
431 2168 467 2204 V
485 2168 553 2204 sed
578 2180 599 2204 e
623 2181 662 2204 τε
687 2179 770 2204 corr
779 2168 850 2210 m⁵
923 2171 968 2203 13
993 2166 1133 2213 μάγνος
1158 2166 1278 2212 ὄνομα
1303 2165 1404 2201 αὐτό.
1429 2165 1530 2200 inser
1555 2164 1612 2201 V⁸

289 2244 331 2275 14
364 2239 483 2285 μέλλει
509 2240 556 2276 Vi
577 2241 584 2286 Ι
606 2239 695 2276 οὐδὲ
738 2245 890 2275 πῶποτε
915 2239 968 2275 Vo
1010 2237 1055 2274 οὐ
1080 2212 1244 2274 δπέώποτε
1268 2237 1298 2274 S
1320 2236 1408 2273 οὐδὲ
1433 2248 1523 2272 ποτε
1549 2236 1597 2272 Vs·
1642 2237 1650 2282 Ι

288 2288 332 2322 15
357 2289 479 2333 μοι(2)
522 2299 566 2333 με
590 2286 679 2324 SVi
771 2290 814 2322 16
839 2286 908 2332 μὲν
933 2285 1074 2321 inserui
1100 2296 1120 2321 e
1147 2285 1182 2321 V
1202 2284 1269 2320 sed
1293 2284 1394 2320 inser
1418 2283 1599 2328 111⁸,SVi

328 2335 454 2371 omVa
494 2346 515 2371 ο
540 2333 650 2370 Wolf
720 2337 764 2370 18
791 2333 815 2370 ὅ
837 2335 873 2370 V
893 2332 996 2369 sed‘
1021 2333 1097 2368 add
1126 2332 1334 2377 111⁶,V0Vi
1383 2334 1390 2377 Ι
1447 2331 1588 2378 βάσσου
1614 2330 1651 2367 V

286 2382 353 2417 sed
379 2395 424 2418 ov
449 2383 490 2418 in
515 2395 544 2418 ω
563 2393 646 2418 corr
663 2381 720 2417 m⁶
756 2381 880 2429 βάσσω
907 2381 954 2417 Vi
992 2385 997 2425 Ι
1036 2386 1194 2426 πατρῶα
1220 2379 1312 2416 Vas
1360 2382 1403 2414 19
1424 2377 1570 2424 ἡγεῖται
1587 2387 1644 2413 re-

285 2430 395 2474 posui
421 2440 442 2465 e
460 2429 568 2465 libris
591 2432 636 2465 ut
661 2429 745 2465 coni
770 2429 824 2465 Re
862 2429 986 2475 ἡγεῖτο
1010 2427 1120 2464 Wolf
1160 2430 1166 2474 1
1205 2424 1340 2473 καιρόν
1364 2437 1425 2462 om
1449 2425 1480 2463 S
1508 2425 1574 2461 sed
1598 2438 1644 2472 γρ

286 2476 431 2522 ἡγεῖται
457 2475 591 2523 καιρὸν
616 2487 731 2524 supra.
754 2476 901 2524 ἡγεῖται
