<?xml version="1.0" encoding="UTF-8"?>
<!DOCTYPE html PUBLIC "-//W3C//DTD XHTML 1.0 Transitional//EN"
    "http://www.w3.org/TR/xhtml1/DTD/xhtml1-transitional.dtd">
<html xmlns="http://www.w3.org/1999/xhtml" xml:lang="en" lang="en">
 <head>
  <title>
</title>
<meta http-equiv="Content-Type" content="text/html;charset=utf-8" />
  <meta name='ocr-system' content='tesseract 3.04.00' />
  <meta name='ocr-capabilities' content='ocr_page ocr_carea ocr_par ocr_line ocrx_word'/>
</head>
<body>
  <div class='ocr_page' id='page_1' title='image "./operarecensuitri10libauoft_0300.png"; bbox 0 0 1806 2964; ppageno 0'>
   <div class='ocr_carea' id='block_1_1' title="bbox 268 208 1043 252">
    <p class='ocr_par' dir='ltr' id='par_1_1' title="bbox 268 208 1043 252">
     <span class='ocr_line' id='line_1_1' title="bbox 268 208 1043 252; baseline -0.012 0"><span class='ocrx_word' id='word_1_1' title='bbox 268 209 357 252; x_wconf 81' lang='grc'><strong><em>288</em></strong></span> <span class='ocrx_word' id='word_1_2' title='bbox 862 208 1010 245; x_wconf 78' lang='lat' dir='ltr'>LIBAN</span> <span class='ocrx_word' id='word_1_3' title='bbox 1010 209 1043 245; x_wconf 91' lang='lat'><strong><em>11</em></strong></span> 
     </span>
    </p>
   </div>
   <div class='ocr_carea' id='block_1_2' title="bbox 209 318 1636 1882">
    <p class='ocr_par' dir='ltr' id='par_1_2' title="bbox 209 318 1636 1882">
     <span class='ocr_line' id='line_1_2' title="bbox 269 318 1633 375; baseline -0.001 -13"><span class='ocrx_word' id='word_1_4' title='bbox 269 320 402 370; x_wconf 87' lang='grc' dir='ltr'><strong><em>πόλεις</em></strong></span> <span class='ocrx_word' id='word_1_5' title='bbox 426 320 541 374; x_wconf 75' lang='grc' dir='ltr'><strong><em>ἔχειν,</em></strong></span> <span class='ocrx_word' id='word_1_6' title='bbox 566 319 662 361; x_wconf 81' lang='grc' dir='ltr'><strong><em>ἀλλὰ</em></strong></span> <span class='ocrx_word' id='word_1_7' title='bbox 687 319 731 361; x_wconf 88' lang='grc' dir='ltr'><strong><em>τὸ</em></strong></span> <span class='ocrx_word' id='word_1_8' title='bbox 757 318 812 369; x_wconf 83' lang='grc' dir='ltr'><strong><em>ὧς</em></strong></span> <span class='ocrx_word' id='word_1_9' title='bbox 836 319 974 373; x_wconf 71' lang='grc' dir='ltr'><strong><em>ἄριστα</em></strong></span> <span class='ocrx_word' id='word_1_10' title='bbox 997 319 1099 374; x_wconf 77' lang='grc' dir='ltr'><strong><em>ἔχειν</em></strong></span> <span class='ocrx_word' id='word_1_11' title='bbox 1124 319 1233 374; x_wconf 79' lang='grc' dir='ltr'><strong><em>μέγα·</em></strong></span> <span class='ocrx_word' id='word_1_12' title='bbox 1272 320 1314 362; x_wconf 86' lang='grc' dir='ltr'><strong><em>τὸ</em></strong></span> <span class='ocrx_word' id='word_1_13' title='bbox 1341 319 1414 373; x_wconf 74' lang='grc' dir='ltr'><strong><em>μὲν</em></strong></span> <span class='ocrx_word' id='word_1_14' title='bbox 1437 320 1512 375; x_wconf 81' lang='grc' dir='ltr'><strong><em>γὰρ</em></strong></span> <span class='ocrx_word' id='word_1_15' title='bbox 1537 324 1633 363; x_wconf 91' lang='grc' dir='ltr'><strong><em>πολ-</em></strong></span> 
     </span>
     <span class='ocr_line' id='line_1_3' title="bbox 270 382 1634 440; baseline 0 -13"><span class='ocrx_word' id='word_1_16' title='bbox 270 389 354 436; x_wconf 89' lang='grc' dir='ltr'><strong><em>λοῖς</em></strong></span> <span class='ocrx_word' id='word_1_17' title='bbox 393 386 563 440; x_wconf 76' lang='grc' dir='ltr'><strong><em>ὑπῆρξε,</em></strong></span> <span class='ocrx_word' id='word_1_18' title='bbox 594 386 638 427; x_wconf 88' lang='grc' dir='ltr'><strong><em>τὸ</em></strong></span> <span class='ocrx_word' id='word_1_19' title='bbox 670 384 714 426; x_wconf 83' lang='grc' dir='ltr'><strong><em>δὲ</em></strong></span> <span class='ocrx_word' id='word_1_20' title='bbox 751 382 846 438; x_wconf 86' lang='grc' dir='ltr'><strong><em>παρ’</em></strong></span> <span class='ocrx_word' id='word_1_21' title='bbox 883 383 1029 440; x_wconf 75' lang='grc' dir='ltr'><strong><em>ὀλίγοις</em></strong></span> <span class='ocrx_word' id='word_1_22' title='bbox 1065 385 1212 438; x_wconf 77' lang='grc' dir='ltr'><strong><em>ἐσώθη.</em></strong></span> <span class='ocrx_word' id='word_1_23' title='bbox 1258 384 1301 426; x_wconf 82' lang='grc' dir='ltr'><strong><em>σὲ</em></strong></span> <span class='ocrx_word' id='word_1_24' title='bbox 1332 385 1376 428; x_wconf 80' lang='grc' dir='ltr'><strong><em>δὲ</em></strong></span> <span class='ocrx_word' id='word_1_25' title='bbox 1410 384 1525 436; x_wconf 71' lang='grc' dir='ltr'><strong><em>ἄξιον</em></strong></span> <span class='ocrx_word' id='word_1_26' title='bbox 1553 392 1634 427; x_wconf 81' lang='grc' dir='ltr'><strong><em>τῶν</em></strong></span> 
     </span>
     <span class='ocr_line' id='line_1_4' title="bbox 270 445 1633 506; baseline 0 -14"><span class='ocrx_word' id='word_1_27' title='bbox 270 450 416 506; x_wconf 84' lang='grc' dir='ltr'><strong><em>ὀλίγων</em></strong></span> <span class='ocrx_word' id='word_1_28' title='bbox 439 451 591 492; x_wconf 83' lang='grc' dir='ltr'><strong><em>τούτων</em></strong></span> <span class='ocrx_word' id='word_1_29' title='bbox 617 457 798 504; x_wconf 87' lang='grc' dir='ltr'><strong><em>φανῆναι</em></strong></span> <span class='ocrx_word' id='word_1_30' title='bbox 821 451 1010 505; x_wconf 76' lang='grc' dir='ltr'><em>γεγονότα</em></span> <span class='ocrx_word' id='word_1_31' title='bbox 1040 450 1080 500; x_wconf 76' lang='grc' dir='ltr'><strong><em>ἐξ</em></strong></span> <span class='ocrx_word' id='word_1_32' title='bbox 1115 445 1172 492; x_wconf 82' lang='grc' dir='ltr'><strong><em>ὧν</em></strong></span> <span class='ocrx_word' id='word_1_33' title='bbox 1199 452 1311 504; x_wconf 80' lang='grc' dir='ltr'><strong><em>ἴσμεν</em></strong></span> <span class='ocrx_word' id='word_1_34' title='bbox 1341 451 1409 492; x_wconf 82' lang='grc' dir='ltr'><strong><em>καὶ</em></strong></span> <span class='ocrx_word' id='word_1_35' title='bbox 1435 450 1633 506; x_wconf 77' lang='grc' dir='ltr'><strong><em>τραφέντα</em></strong></span> 
     </span>
     <span class='ocr_line' id='line_1_5' title="bbox 269 513 1636 571; baseline 0.001 -14"><span class='ocrx_word' id='word_1_36' title='bbox 269 513 365 571; x_wconf 90' lang='grc' dir='ltr'><strong><em>παρ’</em></strong></span> <span class='ocrx_word' id='word_1_37' title='bbox 401 514 500 570; x_wconf 79' lang='grc' dir='ltr'><strong><em>ἡμῖν</em></strong></span> <span class='ocrx_word' id='word_1_38' title='bbox 535 516 656 568; x_wconf 83' lang='grc' dir='ltr'><strong><em>φύσει</em></strong></span> <span class='ocrx_word' id='word_1_39' title='bbox 685 531 725 557; x_wconf 88' lang='grc' dir='ltr'><strong><em>τε</em></strong></span> <span class='ocrx_word' id='word_1_40' title='bbox 756 515 994 570; x_wconf 67' lang='grc' dir='ltr'><strong><em>ἐγρηγορότα</em></strong></span> <span class='ocrx_word' id='word_1_41' title='bbox 1030 515 1096 556; x_wconf 74' lang='grc' dir='ltr'><strong><em>καὶ</em></strong></span> <span class='ocrx_word' id='word_1_42' title='bbox 1134 517 1361 569; x_wconf 82' lang='grc' dir='ltr'><strong><em>δυνάμενον</em></strong></span> <span class='ocrx_word' id='word_1_43' title='bbox 1398 517 1560 568; x_wconf 83' lang='grc' dir='ltr'><strong><em>διιδεῖν,</em></strong></span> <span class='ocrx_word' id='word_1_44' title='bbox 1595 517 1636 558; x_wconf 86' lang='grc' dir='ltr'><strong><em>τί</em></strong></span> 
     </span>
     <span class='ocr_line' id='line_1_6' title="bbox 229 578 1632 637; baseline 0.001 -15"><span class='ocrx_word' id='word_1_45' title='bbox 229 595 251 622; x_wconf 66' lang='lat'>⁵</span> <span class='ocrx_word' id='word_1_46' title='bbox 269 587 414 637; x_wconf 80' lang='grc' dir='ltr'><strong><em>χεῖρον,</em></strong></span> <span class='ocrx_word' id='word_1_47' title='bbox 438 584 478 624; x_wconf 87' lang='grc' dir='ltr'><strong><em>τί</em></strong></span> <span class='ocrx_word' id='word_1_48' title='bbox 499 582 664 637; x_wconf 84' lang='grc' dir='ltr'><strong><em>βέλτιον.</em></strong></span> <span class='ocrx_word' id='word_1_49' title='bbox 691 585 730 622; x_wconf 89' lang='grc'><strong><em>3.</em></strong></span> <span class='ocrx_word' id='word_1_50' title='bbox 756 581 845 623; x_wconf 80' lang='grc' dir='ltr'><strong><em>οἴου</em></strong></span> <span class='ocrx_word' id='word_1_51' title='bbox 871 580 915 623; x_wconf 80' lang='grc' dir='ltr'><strong><em>δὲ</em></strong></span> <span class='ocrx_word' id='word_1_52' title='bbox 938 582 1158 634; x_wconf 82' lang='grc' dir='ltr'><strong><em>κεφάλαιον</em></strong></span> <span class='ocrx_word' id='word_1_53' title='bbox 1182 578 1282 622; x_wconf 80' lang='grc' dir='ltr'><strong><em>εἶναι</em></strong></span> <span class='ocrx_word' id='word_1_54' title='bbox 1308 588 1380 635; x_wconf 91' lang='grc' dir='ltr'><strong><em>τῆς</em></strong></span> <span class='ocrx_word' id='word_1_55' title='bbox 1397 580 1486 635; x_wconf 77' lang='grc' dir='ltr'><strong><em>περὶ</em></strong></span> <span class='ocrx_word' id='word_1_56' title='bbox 1509 588 1632 623; x_wconf 78' lang='grc' dir='ltr'><strong><em>ταῦτα</em></strong></span> 
     </span>
     <span class='ocr_line' id='line_1_7' title="bbox 269 639 1630 704; baseline -0.003 -13"><span class='ocrx_word' id='word_1_57' title='bbox 269 648 424 703; x_wconf 84' lang='grc' dir='ltr'><strong><em>ἀρετῆς,</em></strong></span> <span class='ocrx_word' id='word_1_58' title='bbox 449 648 502 702; x_wconf 75' lang='grc' dir='ltr'><strong><em>ἣν</em></strong></span> <span class='ocrx_word' id='word_1_59' title='bbox 525 652 609 697; x_wconf 85' lang='grc' dir='ltr'><strong><em>τοῖς</em></strong></span> <span class='ocrx_word' id='word_1_60' title='bbox 632 648 832 702; x_wconf 74' lang='grc' dir='ltr'><strong><em>γενναίοις</em></strong></span> <span class='ocrx_word' id='word_1_61' title='bbox 856 639 883 704; x_wconf 81' lang='grc' dir='ltr'><em>ᾖ</em></span> <span class='ocrx_word' id='word_1_62' title='bbox 908 662 946 687; x_wconf 89' lang='grc' dir='ltr'><strong><em>τι</em></strong></span> <span class='ocrx_word' id='word_1_63' title='bbox 962 645 1084 688; x_wconf 82' lang='grc' dir='ltr'><strong><em>πλέον</em></strong></span> <span class='ocrx_word' id='word_1_64' title='bbox 1101 646 1209 700; x_wconf 82' lang='grc' dir='ltr'><strong><em>παρὰ</em></strong></span> <span class='ocrx_word' id='word_1_65' title='bbox 1227 646 1321 696; x_wconf 81' lang='grc' dir='ltr'><strong><em>τοὺς</em></strong></span> <span class='ocrx_word' id='word_1_66' title='bbox 1340 647 1395 700; x_wconf 85' lang='grc' dir='ltr'><strong><em>μὴ</em></strong></span> <span class='ocrx_word' id='word_1_67' title='bbox 1414 647 1630 697; x_wconf 85' lang='grc' dir='ltr'><strong><em>τοιούτους.</em></strong></span> 
     </span>
     <span class='ocr_line' id='line_1_8' title="bbox 269 711 1631 771; baseline -0.001 -16"><span class='ocrx_word' id='word_1_68' title='bbox 269 714 439 771; x_wconf 80' lang='grc' dir='ltr'><strong><em>Σευήρφ</em></strong></span> <span class='ocrx_word' id='word_1_69' title='bbox 471 712 514 755; x_wconf 78' lang='grc' dir='ltr'><strong><em>δὲ</em></strong></span> <span class='ocrx_word' id='word_1_70' title='bbox 545 717 598 769; x_wconf 82' lang='grc' dir='ltr'><strong><em>τῷ</em></strong></span> <span class='ocrx_word' id='word_1_71' title='bbox 626 713 767 769; x_wconf 83' lang='grc' dir='ltr'><strong><em>Λυκίῳ</em></strong></span> <span class='ocrx_word' id='word_1_72' title='bbox 799 713 913 753; x_wconf 82' lang='grc' dir='ltr'><strong><em>δοκεῖ</em></strong></span> <span class='ocrx_word' id='word_1_73' title='bbox 937 727 1006 765; x_wconf 87' lang='grc' dir='ltr'><strong><em>μοι</em></strong></span> <span class='ocrx_word' id='word_1_74' title='bbox 1039 711 1192 766; x_wconf 78' lang='grc' dir='ltr'><strong><em>μηδένα</em></strong></span> <span class='ocrx_word' id='word_1_75' title='bbox 1229 711 1280 752; x_wconf 76' lang='grc' dir='ltr'><strong><em>ἂν</em></strong></span> <span class='ocrx_word' id='word_1_76' title='bbox 1311 713 1483 765; x_wconf 83' lang='grc' dir='ltr'><strong><em>μηδεμία</em></strong></span> <span class='ocrx_word' id='word_1_77' title='bbox 1518 712 1631 761; x_wconf 90' lang='grc' dir='ltr'><strong><em>πόλις</em></strong></span> 
     </span>
     <span class='ocr_line' id='line_1_9' title="bbox 268 773 1630 832; baseline -0.001 -12"><span class='ocrx_word' id='word_1_78' title='bbox 268 778 513 832; x_wconf 75' lang='grc' dir='ltr'><strong><em>προσόμοιον</em></strong></span> <span class='ocrx_word' id='word_1_79' title='bbox 538 778 664 827; x_wconf 84' lang='grc' dir='ltr'><strong><em>δεῖξαι</em></strong></span> <span class='ocrx_word' id='word_1_80' title='bbox 693 778 879 830; x_wconf 88' lang='grc' dir='ltr'><strong><em>πολίτην,</em></strong></span> <span class='ocrx_word' id='word_1_81' title='bbox 910 775 955 827; x_wconf 79' lang='grc' dir='ltr'><strong><em>ὃς</em></strong></span> <span class='ocrx_word' id='word_1_82' title='bbox 986 773 1080 831; x_wconf 79' lang='grc' dir='ltr'><strong><em>μεθ’</em></strong></span> <span class='ocrx_word' id='word_1_83' title='bbox 1113 775 1228 830; x_wconf 67' lang='grc' dir='ltr'><strong><em>’ἡμῶν</em></strong></span> <span class='ocrx_word' id='word_1_84' title='bbox 1258 776 1330 830; x_wconf 83' lang='grc' dir='ltr'><strong><em>μὲν</em></strong></span> <span class='ocrx_word' id='word_1_85' title='bbox 1361 777 1553 831; x_wconf 79' lang='grc' dir='ltr'><strong><em>ἐθήρευσε</em></strong></span> <span class='ocrx_word' id='word_1_86' title='bbox 1582 777 1630 818; x_wconf 85' lang='grc' dir='ltr'><strong><em>τὰ</em></strong></span> 
     </span>
     <span class='ocr_line' id='line_1_10' title="bbox 268 841 1629 899; baseline -0.001 -14"><span class='ocrx_word' id='word_1_87' title='bbox 268 843 499 899; x_wconf 70' lang='grc' dir='ltr'><strong><em>ρητορικῆς,’</em></strong></span> <span class='ocrx_word' id='word_1_88' title='bbox 520 843 614 897; x_wconf 83' lang='grc' dir='ltr'><strong><em>μετὰ</em></strong></span> <span class='ocrx_word' id='word_1_89' title='bbox 640 843 834 896; x_wconf 81' lang='grc' dir='ltr'><strong><em>Μαξίμου</em></strong></span> <span class='ocrx_word' id='word_1_90' title='bbox 860 841 902 884; x_wconf 85' lang='grc' dir='ltr'><strong><em>δὲ</em></strong></span> <span class='ocrx_word' id='word_1_91' title='bbox 921 841 969 883; x_wconf 85' lang='grc' dir='ltr'><strong><em>τὰ</em></strong></span> <span class='ocrx_word' id='word_1_92' title='bbox 987 843 1239 895; x_wconf 77' lang='grc' dir='ltr'><strong><em>φιλοσοφίας.</em></strong></span> <span class='ocrx_word' id='word_1_93' title='bbox 1265 842 1332 883; x_wconf 78' lang='grc' dir='ltr'><strong><em>καὶ</em></strong></span> <span class='ocrx_word' id='word_1_94' title='bbox 1350 849 1498 896; x_wconf 86' lang='grc' dir='ltr'><strong><em>ψῆφον</em></strong></span> <span class='ocrx_word' id='word_1_95' title='bbox 1516 842 1629 884; x_wconf 76' lang='grc' dir='ltr'><strong><em>ἔθετο</em></strong></span> 
     </span>
     <span class='ocr_line' id='line_1_11' title="bbox 213 903 1629 963; baseline -0.001 -13"><span class='ocrx_word' id='word_1_96' title='bbox 213 924 250 950; x_wconf 77' lang='grc' dir='ltr'><strong><em>ιο</em></strong></span> <span class='ocrx_word' id='word_1_97' title='bbox 267 909 419 959; x_wconf 75' lang='grc' dir='ltr'><strong><em>ἐκεῖνος</em></strong></span> <span class='ocrx_word' id='word_1_98' title='bbox 441 909 530 963; x_wconf 74' lang='grc' dir='ltr'><strong><em>περὶ</em></strong></span> <span class='ocrx_word' id='word_1_99' title='bbox 556 908 680 950; x_wconf 82' lang='grc' dir='ltr'><strong><em>αὐτοῦ</em></strong></span> <span class='ocrx_word' id='word_1_100' title='bbox 706 904 869 949; x_wconf 77' lang='grc' dir='ltr'><strong><em>πάντῶν</em></strong></span> <span class='ocrx_word' id='word_1_101' title='bbox 892 904 995 949; x_wconf 82' lang='grc' dir='ltr'><strong><em>εἶναι</em></strong></span> <span class='ocrx_word' id='word_1_102' title='bbox 1018 912 1204 962; x_wconf 79' lang='grc' dir='ltr'><strong><em>Σευῆρον</em></strong></span> <span class='ocrx_word' id='word_1_103' title='bbox 1234 903 1292 949; x_wconf 80' lang='grc' dir='ltr'><strong><em>ὧν</em></strong></span> <span class='ocrx_word' id='word_1_104' title='bbox 1322 908 1422 963; x_wconf 81' lang='grc' dir='ltr'><strong><em>ἔγνω</em></strong></span> <span class='ocrx_word' id='word_1_105' title='bbox 1447 907 1629 950; x_wconf 76' lang='grc' dir='ltr'><strong><em>πιστότα·</em></strong></span> 
     </span>
     <span class='ocr_line' id='line_1_12' title="bbox 267 972 1629 1032; baseline -0.001 -17"><span class='ocrx_word' id='word_1_106' title='bbox 267 990 348 1016; x_wconf 83' lang='grc' dir='ltr'><strong><em>τον.</em></strong></span> <span class='ocrx_word' id='word_1_107' title='bbox 381 978 421 1018; x_wconf 88' lang='lat'><strong><em>4.</em></strong></span> <span class='ocrx_word' id='word_1_108' title='bbox 446 979 588 1028; x_wconf 86' lang='grc' dir='ltr'><strong><em>πεῖραν</em></strong></span> <span class='ocrx_word' id='word_1_109' title='bbox 613 972 657 1016; x_wconf 74' lang='grc' dir='ltr'><strong><em>δὲ</em></strong></span> <span class='ocrx_word' id='word_1_110' title='bbox 681 973 748 1014; x_wconf 77' lang='grc' dir='ltr'><strong><em>καὶ</em></strong></span> <span class='ocrx_word' id='word_1_111' title='bbox 773 973 893 1023; x_wconf 83' lang='grc' dir='ltr'><strong><em>αὐτὸς</em></strong></span> <span class='ocrx_word' id='word_1_112' title='bbox 917 974 1132 1026; x_wconf 82' lang='grc' dir='ltr'><strong><em>λαμβάνων</em></strong></span> <span class='ocrx_word' id='word_1_113' title='bbox 1149 973 1439 1026; x_wconf 74' lang='grc' dir='ltr'><strong><em>ἀκολουθήσεις</em></strong></span> <span class='ocrx_word' id='word_1_114' title='bbox 1463 978 1520 1032; x_wconf 80' lang='grc' dir='ltr'><strong><em>τῷ</em></strong></span> <span class='ocrx_word' id='word_1_115' title='bbox 1544 976 1629 1015; x_wconf 91' lang='grc' dir='ltr'><strong><em>Πυ-</em></strong></span> 
     </span>
     <span class='ocr_line' id='line_1_13' title="bbox 268 1039 1627 1098; baseline -0.002 -16"><span class='ocrx_word' id='word_1_116' title='bbox 268 1042 349 1098; x_wconf 78' lang='grc' dir='ltr'><strong><em>θίῳ</em></strong></span> <span class='ocrx_word' id='word_1_117' title='bbox 373 1040 441 1082; x_wconf 77' lang='grc' dir='ltr'><strong><em>καὶ</em></strong></span> <span class='ocrx_word' id='word_1_118' title='bbox 465 1040 706 1096; x_wconf 75' lang='grc' dir='ltr'><strong><em>συνησθήσῃ</em></strong></span> <span class='ocrx_word' id='word_1_119' title='bbox 731 1046 778 1096; x_wconf 79' lang='grc' dir='ltr'><strong><em>τῇ</em></strong></span> <span class='ocrx_word' id='word_1_120' title='bbox 806 1039 939 1092; x_wconf 74' lang='grc' dir='ltr'><strong><em>Λυκίᾳ</em></strong></span> <span class='ocrx_word' id='word_1_121' title='bbox 964 1046 1034 1092; x_wconf 89' lang='grc' dir='ltr'><strong><em>τῆς</em></strong></span> <span class='ocrx_word' id='word_1_122' title='bbox 1058 1046 1208 1092; x_wconf 82' lang='grc' dir='ltr'><strong><em>φορᾶς,</em></strong></span> <span class='ocrx_word' id='word_1_123' title='bbox 1239 1039 1335 1080; x_wconf 84' lang='grc' dir='ltr'><strong><em>ὅταν</em></strong></span> <span class='ocrx_word' id='word_1_124' title='bbox 1364 1052 1407 1080; x_wconf 87' lang='grc' dir='ltr'><strong><em>σε</em></strong></span> <span class='ocrx_word' id='word_1_125' title='bbox 1431 1040 1627 1096; x_wconf 79' lang='grc' dir='ltr'><strong><em>κολακεύῃ</em></strong></span> 
     </span>
     <span class='ocr_line' id='line_1_14' title="bbox 267 1101 1629 1161; baseline -0.001 -14"><span class='ocrx_word' id='word_1_126' title='bbox 267 1106 341 1158; x_wconf 80' lang='grc' dir='ltr'><strong><em>μὲν</em></strong></span> <span class='ocrx_word' id='word_1_127' title='bbox 367 1107 521 1159; x_wconf 78' lang='grc' dir='ltr'><strong><em>ἥκιστα,</em></strong></span> <span class='ocrx_word' id='word_1_128' title='bbox 546 1106 736 1161; x_wconf 81' lang='grc' dir='ltr'><strong><em>θαυμάζῃ</em></strong></span> <span class='ocrx_word' id='word_1_129' title='bbox 762 1103 806 1146; x_wconf 80' lang='grc' dir='ltr'><strong><em>δὲ</em></strong></span> <span class='ocrx_word' id='word_1_130' title='bbox 830 1104 874 1146; x_wconf 78' lang='grc' dir='ltr'><strong><em>ἐν</em></strong></span> <span class='ocrx_word' id='word_1_131' title='bbox 892 1101 953 1154; x_wconf 81' lang='grc' dir='ltr'><strong><em>οἷς</em></strong></span> <span class='ocrx_word' id='word_1_132' title='bbox 971 1103 1095 1155; x_wconf 69' lang='grc' dir='ltr'><strong><em>ἄξιον,</em></strong></span> <span class='ocrx_word' id='word_1_133' title='bbox 1120 1105 1323 1158; x_wconf 81' lang='grc' dir='ltr'><strong><em>εἰσηγῆται</em></strong></span> <span class='ocrx_word' id='word_1_134' title='bbox 1343 1103 1384 1145; x_wconf 82' lang='grc' dir='ltr'><strong><em>δὲ</em></strong></span> <span class='ocrx_word' id='word_1_135' title='bbox 1403 1104 1451 1148; x_wconf 87' lang='grc' dir='ltr'><strong><em>τὰ</em></strong></span> <span class='ocrx_word' id='word_1_136' title='bbox 1469 1105 1629 1158; x_wconf 81' lang='grc' dir='ltr'><strong><em>χρηστά,</em></strong></span> 
     </span>
     <span class='ocr_line' id='line_1_15' title="bbox 267 1169 1627 1228; baseline -0.001 -16"><span class='ocrx_word' id='word_1_137' title='bbox 267 1171 442 1228; x_wconf 79' lang='grc' dir='ltr'><strong><em>διελέγχῃ</em></strong></span> <span class='ocrx_word' id='word_1_138' title='bbox 468 1171 512 1213; x_wconf 80' lang='grc' dir='ltr'><strong><em>δὲ</em></strong></span> <span class='ocrx_word' id='word_1_139' title='bbox 536 1171 703 1222; x_wconf 82' lang='grc' dir='ltr'><strong><em>ἀπάτην.</em></strong></span> <span class='ocrx_word' id='word_1_140' title='bbox 748 1177 870 1212; x_wconf 87' lang='grc' dir='ltr'><strong><em>ταῦτα</em></strong></span> <span class='ocrx_word' id='word_1_141' title='bbox 899 1170 975 1225; x_wconf 81' lang='grc' dir='ltr'><strong><em>γὰρ</em></strong></span> <span class='ocrx_word' id='word_1_142' title='bbox 1006 1170 1058 1223; x_wconf 84' lang='grc' dir='ltr'><strong><em>δὴ</em></strong></span> <span class='ocrx_word' id='word_1_143' title='bbox 1088 1169 1156 1210; x_wconf 79' lang='grc' dir='ltr'><strong><em>καὶ</em></strong></span> <span class='ocrx_word' id='word_1_144' title='bbox 1189 1170 1258 1211; x_wconf 86' lang='grc' dir='ltr'><strong><em>τὸν</em></strong></span> <span class='ocrx_word' id='word_1_145' title='bbox 1281 1170 1403 1210; x_wconf 85' lang='grc' dir='ltr'><strong><em>καλὸν</em></strong></span> <span class='ocrx_word' id='word_1_146' title='bbox 1427 1170 1627 1211; x_wconf 79' lang='grc' dir='ltr'><strong><em>Σέλευκον</em></strong></span> 
     </span>
     <span class='ocr_line' id='line_1_16' title="bbox 213 1233 1632 1289; baseline -0.002 -11"><span class='ocrx_word' id='word_1_147' title='bbox 213 1252 248 1279; x_wconf 79' lang='grc' dir='ltr'><strong><em>ιε</em></strong></span> <span class='ocrx_word' id='word_1_148' title='bbox 266 1238 324 1286; x_wconf 82' lang='grc' dir='ltr'><strong><em>εἰς</em></strong></span> <span class='ocrx_word' id='word_1_149' title='bbox 346 1238 390 1278; x_wconf 86' lang='grc' dir='ltr'><strong><em>τὸ</em></strong></span> <span class='ocrx_word' id='word_1_150' title='bbox 416 1241 547 1289; x_wconf 86' lang='grc' dir='ltr'><strong><em>φιλεῖν</em></strong></span> <span class='ocrx_word' id='word_1_151' title='bbox 577 1252 618 1278; x_wconf 86' lang='grc' dir='ltr'><strong><em>τε</em></strong></span> <span class='ocrx_word' id='word_1_152' title='bbox 648 1236 772 1277; x_wconf 82' lang='grc' dir='ltr'><strong><em>αὐτὸν</em></strong></span> <span class='ocrx_word' id='word_1_153' title='bbox 800 1235 868 1277; x_wconf 84' lang='grc' dir='ltr'><strong><em>καὶ</em></strong></span> <span class='ocrx_word' id='word_1_154' title='bbox 897 1236 1121 1289; x_wconf 81' lang='grc' dir='ltr'><strong><em>θαυμάζειν</em></strong></span> <span class='ocrx_word' id='word_1_155' title='bbox 1149 1233 1309 1289; x_wconf 77' lang='grc' dir='ltr'><strong><em>ἤγαγεν.</em></strong></span> <span class='ocrx_word' id='word_1_156' title='bbox 1348 1238 1386 1275; x_wconf 86' lang='grc'><strong><em>5.</em></strong></span> <span class='ocrx_word' id='word_1_157' title='bbox 1411 1234 1531 1284; x_wconf 83' lang='grc' dir='ltr'><strong><em>αὐτὸς</em></strong></span> <span class='ocrx_word' id='word_1_158' title='bbox 1555 1233 1632 1287; x_wconf 72' lang='grc' dir='ltr'><strong><em>μὲν·</em></strong></span> 
     </span>
     <span class='ocr_line' id='line_1_17' title="bbox 266 1299 1626 1357; baseline -0.001 -13"><span class='ocrx_word' id='word_1_159' title='bbox 266 1307 460 1357; x_wconf 89' lang='grc' dir='ltr'><strong><em>πονηροῖς</em></strong></span> <span class='ocrx_word' id='word_1_160' title='bbox 484 1302 718 1357; x_wconf 72' lang='grc' dir='ltr'><strong><em>ἀνθρώποις</em></strong></span> <span class='ocrx_word' id='word_1_161' title='bbox 743 1301 809 1342; x_wconf 76' lang='grc' dir='ltr'><strong><em>καὶ</em></strong></span> <span class='ocrx_word' id='word_1_162' title='bbox 833 1301 1021 1355; x_wconf 81' lang='grc' dir='ltr'><strong><em>ἁρπάζειν</em></strong></span> <span class='ocrx_word' id='word_1_163' title='bbox 1044 1301 1169 1342; x_wconf 83' lang='grc' dir='ltr'><strong><em>εἰδόσι</em></strong></span> <span class='ocrx_word' id='word_1_164' title='bbox 1192 1299 1414 1355; x_wconf 82' lang='grc' dir='ltr'><strong><em>περιπεσὼν</em></strong></span> <span class='ocrx_word' id='word_1_165' title='bbox 1438 1299 1626 1353; x_wconf 76' lang='grc' dir='ltr'><strong><em>ἀναμένει</em></strong></span> 
     </span>
     <span class='ocr_line' id='line_1_18' title="bbox 266 1363 1624 1423; baseline -0.001 -14"><span class='ocrx_word' id='word_1_166' title='bbox 266 1369 524 1423; x_wconf 77' lang='grc' dir='ltr'><strong><em>δικαστηρίου</em></strong></span> <span class='ocrx_word' id='word_1_167' title='bbox 555 1375 724 1422; x_wconf 83' lang='grc' dir='ltr'><strong><em>γνῶσιν,</em></strong></span> <span class='ocrx_word' id='word_1_168' title='bbox 756 1366 798 1408; x_wconf 80' lang='grc' dir='ltr'><strong><em>σὲ</em></strong></span> <span class='ocrx_word' id='word_1_169' title='bbox 824 1365 866 1408; x_wconf 84' lang='grc' dir='ltr'><strong><em>δὲ</em></strong></span> <span class='ocrx_word' id='word_1_170' title='bbox 890 1366 1004 1416; x_wconf 69' lang='grc' dir='ltr'><strong><em>ἄξιον</em></strong></span> <span class='ocrx_word' id='word_1_171' title='bbox 1035 1363 1120 1407; x_wconf 79' lang='grc' dir='ltr'><strong><em>ἀντ’</em></strong></span> <span class='ocrx_word' id='word_1_172' title='bbox 1149 1366 1274 1407; x_wconf 78' lang='grc' dir='ltr'><strong><em>αὐτοῦ</em></strong></span> <span class='ocrx_word' id='word_1_173' title='bbox 1307 1369 1390 1415; x_wconf 84' lang='grc' dir='ltr'><strong><em>τοῖς</em></strong></span> <span class='ocrx_word' id='word_1_174' title='bbox 1414 1365 1540 1407; x_wconf 75' lang='grc' dir='ltr'><strong><em>αὐτοῦ</em></strong></span> <span class='ocrx_word' id='word_1_175' title='bbox 1562 1381 1624 1420; x_wconf 84' lang='grc' dir='ltr'><strong><em>γε·</em></strong></span> 
     </span>
     <span class='ocr_line' id='line_1_19' title="bbox 265 1430 1625 1488; baseline -0.001 -14"><span class='ocrx_word' id='word_1_176' title='bbox 265 1433 410 1475; x_wconf 80' lang='grc' dir='ltr'><strong><em>νέσθαι</em></strong></span> <span class='ocrx_word' id='word_1_177' title='bbox 445 1433 513 1475; x_wconf 83' lang='grc' dir='ltr'><strong><em>καὶ</em></strong></span> <span class='ocrx_word' id='word_1_178' title='bbox 549 1433 625 1486; x_wconf 78' lang='grc' dir='ltr'><strong><em>τὴν</em></strong></span> <span class='ocrx_word' id='word_1_179' title='bbox 658 1432 858 1474; x_wconf 83' lang='grc' dir='ltr'><strong><em>ἀπουσίαν</em></strong></span> <span class='ocrx_word' id='word_1_180' title='bbox 891 1431 1042 1485; x_wconf 78' lang='grc' dir='ltr'><strong><em>ἄδηλον</em></strong></span> <span class='ocrx_word' id='word_1_181' title='bbox 1078 1438 1125 1488; x_wconf 80' lang='grc' dir='ltr'><strong><em>τῇ</em></strong></span> <span class='ocrx_word' id='word_1_182' title='bbox 1158 1430 1250 1484; x_wconf 70' lang='grc' dir='ltr'><strong><em>περὶ</em></strong></span> <span class='ocrx_word' id='word_1_183' title='bbox 1287 1431 1418 1472; x_wconf 89' lang='grc' dir='ltr'><strong><em>πάντα</em></strong></span> <span class='ocrx_word' id='word_1_184' title='bbox 1456 1432 1625 1488; x_wconf 75' lang='grc' dir='ltr'><strong><em>προνοίᾳ</em></strong></span> 
     </span>
     <span class='ocr_line' id='line_1_20' title="bbox 265 1491 1624 1553; baseline -0.001 -12"><span class='ocrx_word' id='word_1_185' title='bbox 265 1506 515 1552; x_wconf 84' lang='grc' dir='ltr'><strong><em>καταστῆσαι.</em></strong></span> <span class='ocrx_word' id='word_1_186' title='bbox 541 1499 608 1540; x_wconf 74' lang='grc' dir='ltr'><strong><em>καὶ</em></strong></span> <span class='ocrx_word' id='word_1_187' title='bbox 632 1498 708 1553; x_wconf 83' lang='grc' dir='ltr'><strong><em>γὰρ</em></strong></span> <span class='ocrx_word' id='word_1_188' title='bbox 733 1491 784 1539; x_wconf 68' lang='grc' dir='ltr'><strong><em>ἂν</em></strong></span> <span class='ocrx_word' id='word_1_189' title='bbox 809 1499 870 1550; x_wconf 84' lang='grc' dir='ltr'><strong><em>εἴη</em></strong></span> <span class='ocrx_word' id='word_1_190' title='bbox 905 1497 1058 1549; x_wconf 85' lang='grc' dir='ltr'><strong><em>δεινόν,</em></strong></span> <span class='ocrx_word' id='word_1_191' title='bbox 1089 1498 1127 1539; x_wconf 82' lang='grc' dir='ltr'><strong><em>εί</em></strong></span> <span class='ocrx_word' id='word_1_192' title='bbox 1156 1496 1212 1550; x_wconf 88' lang='grc' dir='ltr'><strong><em>μὴ</em></strong></span> <span class='ocrx_word' id='word_1_193' title='bbox 1241 1501 1323 1546; x_wconf 84' lang='grc' dir='ltr'><strong><em>τοῖς</em></strong></span> <span class='ocrx_word' id='word_1_194' title='bbox 1352 1497 1462 1550; x_wconf 79' lang='grc' dir='ltr'><strong><em>ἐμοῖς</em></strong></span> <span class='ocrx_word' id='word_1_195' title='bbox 1493 1497 1624 1549; x_wconf 87' lang='grc' dir='ltr'><strong><em>φίλοις</em></strong></span> 
     </span>
     <span class='ocr_line' id='line_1_21' title="bbox 209 1561 1624 1619; baseline -0.001 -14"><span class='ocrx_word' id='word_1_196' title='bbox 209 1580 247 1606; x_wconf 68' lang='grc' dir='ltr'><strong><em>3ο</em></strong></span> <span class='ocrx_word' id='word_1_197' title='bbox 266 1565 312 1605; x_wconf 77' lang='grc' dir='ltr'><strong><em>αἱ</em></strong></span> <span class='ocrx_word' id='word_1_198' title='bbox 333 1571 412 1605; x_wconf 83' lang='grc' dir='ltr'><strong><em>τῶν</em></strong></span> <span class='ocrx_word' id='word_1_199' title='bbox 441 1564 548 1617; x_wconf 77' lang='grc' dir='ltr'><strong><em>ἐμῶν</em></strong></span> <span class='ocrx_word' id='word_1_200' title='bbox 578 1563 745 1619; x_wconf 77' lang='grc' dir='ltr'><strong><em>ἑταίρων</em></strong></span> <span class='ocrx_word' id='word_1_201' title='bbox 780 1563 969 1617; x_wconf 89' lang='grc' dir='ltr'><strong><em>δυνάμεις</em></strong></span> <span class='ocrx_word' id='word_1_202' title='bbox 1003 1562 1196 1614; x_wconf 82' lang='grc' dir='ltr'><strong><em>ὠφελείας</em></strong></span> <span class='ocrx_word' id='word_1_203' title='bbox 1227 1562 1398 1615; x_wconf 80' lang='grc' dir='ltr'><strong><em>φέροιεν.</em></strong></span> <span class='ocrx_word' id='word_1_204' title='bbox 1444 1564 1482 1604; x_wconf 87' lang='grc'><strong><em>6.</em></strong></span> <span class='ocrx_word' id='word_1_205' title='bbox 1507 1561 1556 1615; x_wconf 82' lang='grc' dir='ltr'><strong><em>τά</em></strong></span> <span class='ocrx_word' id='word_1_206' title='bbox 1585 1577 1624 1604; x_wconf 89' lang='grc' dir='ltr'><strong><em>τε</em></strong></span> 
     </span>
     <span class='ocr_line' id='line_1_22' title="bbox 266 1625 1623 1684; baseline -0.002 -13"><span class='ocrx_word' id='word_1_207' title='bbox 266 1625 341 1671; x_wconf 79' lang='grc' dir='ltr'><strong><em>οὖν</em></strong></span> <span class='ocrx_word' id='word_1_208' title='bbox 365 1629 490 1671; x_wconf 79' lang='grc' dir='ltr'><strong><em>αὐτοῦ</em></strong></span> <span class='ocrx_word' id='word_1_209' title='bbox 516 1631 710 1684; x_wconf 88' lang='grc' dir='ltr'><strong><em>σωτηρίας</em></strong></span> <span class='ocrx_word' id='word_1_210' title='bbox 734 1630 955 1684; x_wconf 78' lang='grc' dir='ltr'><strong><em>τυγχανέτω</em></strong></span> <span class='ocrx_word' id='word_1_211' title='bbox 979 1629 1047 1670; x_wconf 78' lang='grc' dir='ltr'><strong><em>καὶ</em></strong></span> <span class='ocrx_word' id='word_1_212' title='bbox 1070 1628 1119 1669; x_wconf 83' lang='grc' dir='ltr'><strong><em>τὰ</em></strong></span> <span class='ocrx_word' id='word_1_213' title='bbox 1141 1635 1213 1681; x_wconf 91' lang='grc' dir='ltr'><strong><em>τῆς</em></strong></span> <span class='ocrx_word' id='word_1_214' title='bbox 1237 1627 1415 1681; x_wconf 85' lang='grc' dir='ltr'><strong><em>ἀδελφῆς</em></strong></span> <span class='ocrx_word' id='word_1_215' title='bbox 1438 1631 1623 1681; x_wconf 85' lang='grc' dir='ltr'><strong><em>Στρατω-</em></strong></span> 
     </span>
     <span class='ocr_line' id='line_1_23' title="bbox 263 1692 1623 1749; baseline -0.003 -12"><span class='ocrx_word' id='word_1_216' title='bbox 263 1697 376 1745; x_wconf 89' lang='grc' dir='ltr'><strong><em>νίδος</em></strong></span> <span class='ocrx_word' id='word_1_217' title='bbox 400 1695 479 1736; x_wconf 83' lang='grc' dir='ltr'><strong><em>ἀπὸ</em></strong></span> <span class='ocrx_word' id='word_1_218' title='bbox 503 1702 574 1749; x_wconf 87' lang='grc' dir='ltr'><strong><em>τῆς</em></strong></span> <span class='ocrx_word' id='word_1_219' title='bbox 598 1695 723 1748; x_wconf 80' lang='grc' dir='ltr'><strong><em>αὐτῆς</em></strong></span> <span class='ocrx_word' id='word_1_220' title='bbox 747 1694 926 1749; x_wconf 81' lang='grc' dir='ltr'><strong><em>ἀνάγκης</em></strong></span> <span class='ocrx_word' id='word_1_221' title='bbox 950 1695 1068 1748; x_wconf 83' lang='grc' dir='ltr'><strong><em>δεῦρο</em></strong></span> <span class='ocrx_word' id='word_1_222' title='bbox 1093 1692 1273 1747; x_wconf 83' lang='grc' dir='ltr'><strong><em>ἡκούσης</em></strong></span> <span class='ocrx_word' id='word_1_223' title='bbox 1303 1693 1432 1748; x_wconf 81' lang='grc' dir='ltr'><strong><em>ὥσπερ</em></strong></span> <span class='ocrx_word' id='word_1_224' title='bbox 1463 1692 1623 1742; x_wconf 77' lang='grc' dir='ltr'><strong><em>ἐκεῖνος.</em></strong></span> 
     </span>
     <span class='ocr_line' id='line_1_24' title="bbox 264 1758 1622 1814; baseline -0.003 -12"><span class='ocrx_word' id='word_1_225' title='bbox 264 1761 344 1802; x_wconf 77' lang='grc' dir='ltr'><strong><em>ἔστι</em></strong></span> <span class='ocrx_word' id='word_1_226' title='bbox 369 1760 410 1802; x_wconf 79' lang='grc' dir='ltr'><strong><em>δὲ</em></strong></span> <span class='ocrx_word' id='word_1_227' title='bbox 436 1760 535 1814; x_wconf 79' lang='grc' dir='ltr'><strong><em>ἡμῖν</em></strong></span> <span class='ocrx_word' id='word_1_228' title='bbox 558 1760 649 1810; x_wconf 82' lang='grc' dir='ltr'><strong><em>ἀξία</em></strong></span> <span class='ocrx_word' id='word_1_229' title='bbox 673 1767 802 1813; x_wconf 83' lang='grc' dir='ltr'><strong><em>τιμῆς,</em></strong></span> <span class='ocrx_word' id='word_1_230' title='bbox 827 1760 887 1802; x_wconf 82' lang='grc' dir='ltr'><strong><em>ὅτι</em></strong></span> <span class='ocrx_word' id='word_1_231' title='bbox 911 1759 981 1800; x_wconf 84' lang='grc' dir='ltr'><strong><em>τὸν</em></strong></span> <span class='ocrx_word' id='word_1_232' title='bbox 998 1759 1174 1811; x_wconf 78' lang='grc' dir='ltr'><strong><em>ἀδελφὸν</em></strong></span> <span class='ocrx_word' id='word_1_233' title='bbox 1193 1758 1290 1801; x_wconf 79' lang='grc' dir='ltr'><strong><em>ὄντα</em></strong></span> <span class='ocrx_word' id='word_1_234' title='bbox 1306 1765 1488 1800; x_wconf 83' lang='grc' dir='ltr'><strong><em>τοιοῦτον</em></strong></span> <span class='ocrx_word' id='word_1_235' title='bbox 1512 1758 1622 1799; x_wconf 78' lang='grc' dir='ltr'><strong><em>ἐπαι-</em></strong></span> 
     </span>
     <span class='ocr_line' id='line_1_25' title="bbox 262 1826 491 1882; baseline 0 -15"><span class='ocrx_word' id='word_1_236' title='bbox 262 1826 381 1880; x_wconf 81' lang='grc' dir='ltr'><strong><em>νέτην</em></strong></span> <span class='ocrx_word' id='word_1_237' title='bbox 403 1827 491 1882; x_wconf 79' lang='grc' dir='ltr'><strong><em>ἔχει.</em></strong></span> 
     </span>
    </p>
   </div>
   <div class='ocr_carea' id='block_1_3' title="bbox 259 1912 549 1922">
    <p class='ocr_par' dir='ltr' id='par_1_3' title="bbox 259 1912 549 1922">
     <span class='ocr_line' id='line_1_26' title="bbox 259 1912 549 1922; baseline 0 0"><span class='ocrx_word' id='word_1_238' title='bbox 259 1912 549 1922; x_wconf 95' lang='lat' dir='ltr'><strong><em> </em></strong></span> 
     </span>
    </p>
   </div>
   <div class='ocr_carea' id='block_1_4' title="bbox 336 1949 1620 2000">
    <p class='ocr_par' dir='ltr' id='par_1_4' title="bbox 336 1949 1620 2000">
     <span class='ocr_line' id='line_1_27' title="bbox 336 1949 1620 2000; baseline -0.002 -11"><span class='ocrx_word' id='word_1_239' title='bbox 336 1958 356 1989; x_wconf 83' lang='grc'><strong>7</strong></span> <span class='ocrx_word' id='word_1_240' title='bbox 383 1954 429 1990; x_wconf 81' lang='lat' dir='ltr'><strong><em>cf.</em></strong></span> <span class='ocrx_word' id='word_1_241' title='bbox 450 1964 507 2000; x_wconf 87' lang='lat' dir='ltr'><strong><em>ep.</em></strong></span> <span class='ocrx_word' id='word_1_242' title='bbox 530 1957 611 1989; x_wconf 82' lang='grc'><strong>636.</strong></span> <span class='ocrx_word' id='word_1_243' title='bbox 638 1956 718 1989; x_wconf 76' lang='grc'><strong>659.</strong></span> <span class='ocrx_word' id='word_1_244' title='bbox 747 1953 864 1989; x_wconf 83' lang='lat' dir='ltr'><strong>Seeck</strong></span> <span class='ocrx_word' id='word_1_245' title='bbox 890 1956 960 1989; x_wconf 76' lang='lat'><strong><em>275</em></strong></span> <span class='ocrx_word' id='word_1_246' title='bbox 1019 1955 1040 1987; x_wconf 83' lang='lat'>9</span> <span class='ocrx_word' id='word_1_247' title='bbox 1068 1951 1186 1988; x_wconf 81' lang='lat' dir='ltr'>Seeck</span> <span class='ocrx_word' id='word_1_248' title='bbox 1211 1955 1280 1988; x_wconf 80' lang='lat'><strong><em>208</em></strong></span> <span class='ocrx_word' id='word_1_249' title='bbox 1343 1955 1387 1986; x_wconf 83' lang='lat'><strong><em>14</em></strong></span> <span class='ocrx_word' id='word_1_250' title='bbox 1413 1949 1532 1987; x_wconf 78' lang='lat' dir='ltr'><strong>Seeck</strong></span> <span class='ocrx_word' id='word_1_251' title='bbox 1551 1954 1620 1986; x_wconf 74' lang='lat'><strong><em>272</em></strong></span> 
     </span>
    </p>
   </div>
   <div class='ocr_carea' id='block_1_5' title="bbox 258 2031 549 2041">
    <p class='ocr_par' dir='ltr' id='par_1_5' title="bbox 258 2031 549 2041">
     <span class='ocr_line' id='line_1_28' title="bbox 258 2031 549 2041; baseline 0 0"><span class='ocrx_word' id='word_1_252' title='bbox 258 2031 549 2041; x_wconf 95' lang='lat' dir='ltr'><strong><em> </em></strong></span> 
     </span>
    </p>
   </div>
   <div class='ocr_carea' id='block_1_6' title="bbox 259 2070 1624 2356">
    <p class='ocr_par' dir='ltr' id='par_1_6' title="bbox 259 2070 1624 2356">
     <span class='ocr_line' id='line_1_29' title="bbox 336 2070 1551 2120; baseline -0.002 -11"><span class='ocrx_word' id='word_1_253' title='bbox 336 2079 355 2109; x_wconf 92' lang='lat' dir='ltr'>l</span> <span class='ocrx_word' id='word_1_254' title='bbox 382 2073 451 2120; x_wconf 77' lang='grc' dir='ltr'><strong><em>μὲν</em></strong></span> <span class='ocrx_word' id='word_1_255' title='bbox 475 2072 547 2119; x_wconf 81' lang='grc' dir='ltr'><strong><em>γὰρ</em></strong></span> <span class='ocrx_word' id='word_1_256' title='bbox 578 2072 714 2119; x_wconf 70' lang='lat' dir='ltr'>scripsi</span> <span class='ocrx_word' id='word_1_257' title='bbox 745 2083 766 2108; x_wconf 81' lang='lat' dir='ltr'><strong>e</strong></span> <span class='ocrx_word' id='word_1_258' title='bbox 793 2072 829 2108; x_wconf 88' lang='lat' dir='ltr'><strong><em>V</em></strong></span> <span class='ocrx_word' id='word_1_259' title='bbox 865 2070 934 2118; x_wconf 78' lang='grc' dir='ltr'><strong><em>μέν</em></strong></span> <span class='ocrx_word' id='word_1_260' title='bbox 965 2084 1006 2117; x_wconf 82' lang='grc' dir='ltr'><strong><em>γε</em></strong></span> <span class='ocrx_word' id='word_1_261' title='bbox 1031 2071 1186 2108; x_wconf 84' lang='lat' dir='ltr'><strong><em>VaVoS</em></strong></span> <span class='ocrx_word' id='word_1_262' title='bbox 1207 2070 1317 2107; x_wconf 83' lang='lat' dir='ltr'><strong>Wolf</strong></span> <span class='ocrx_word' id='word_1_263' title='bbox 1384 2073 1408 2106; x_wconf 80' lang='lat'>4</span> <span class='ocrx_word' id='word_1_264' title='bbox 1431 2083 1468 2106; x_wconf 90' lang='grc' dir='ltr'><strong><em>τι</em></strong></span> <span class='ocrx_word' id='word_1_265' title='bbox 1494 2070 1551 2106; x_wconf 81' lang='lat' dir='ltr'><strong><em>Va</em></strong></span> 
     </span>
     <span class='ocr_line' id='line_1_30' title="bbox 262 2116 1624 2167; baseline -0.001 -10"><span class='ocrx_word' id='word_1_266' title='bbox 262 2125 285 2157; x_wconf 82' lang='lat'><strong>6</strong></span> <span class='ocrx_word' id='word_1_267' title='bbox 311 2119 359 2165; x_wconf 80' lang='grc' dir='ltr'><strong><em>ἢν</em></strong></span> <span class='ocrx_word' id='word_1_268' title='bbox 385 2122 442 2157; x_wconf 85' lang='lat' dir='ltr'><strong><em>Va</em></strong></span> <span class='ocrx_word' id='word_1_269' title='bbox 467 2121 533 2158; x_wconf 78' lang='lat' dir='ltr'><strong><em>sed</em></strong></span> <span class='ocrx_word' id='word_1_270' title='bbox 558 2132 604 2156; x_wconf 79' lang='lat' dir='ltr'><strong><em>ex</em></strong></span> <span class='ocrx_word' id='word_1_271' title='bbox 630 2116 675 2167; x_wconf 81' lang='grc' dir='ltr'><strong><em>ἦν</em></strong></span> <span class='ocrx_word' id='word_1_272' title='bbox 700 2131 782 2156; x_wconf 84' lang='lat' dir='ltr'><strong><em>corr</em></strong></span> <span class='ocrx_word' id='word_1_273' title='bbox 800 2119 857 2155; x_wconf 84' lang='lat' dir='ltr'><strong><em>m²</em></strong></span> <span class='ocrx_word' id='word_1_274' title='bbox 878 2124 884 2166; x_wconf 75' lang='grc'>1</span> <span class='ocrx_word' id='word_1_275' title='bbox 905 2118 941 2156; x_wconf 87' lang='grc' dir='ltr'><strong><em>τί</em></strong></span> <span class='ocrx_word' id='word_1_276' title='bbox 966 2120 1020 2165; x_wconf 81' lang='grc'><strong><em>81</em></strong></span> <span class='ocrx_word' id='word_1_277' title='bbox 1047 2121 1177 2155; x_wconf 79' lang='grc' dir='ltr'><strong><em>πλεῖον</em></strong></span> <span class='ocrx_word' id='word_1_278' title='bbox 1202 2117 1310 2155; x_wconf 71' lang='lat' dir='ltr'>Wolf</span> <span class='ocrx_word' id='word_1_279' title='bbox 1373 2121 1392 2152; x_wconf 82' lang='grc'><strong>7</strong></span> <span class='ocrx_word' id='word_1_280' title='bbox 1420 2116 1562 2166; x_wconf 74' lang='grc' dir='ltr'><strong><em>σιβήρφ</em></strong></span> <span class='ocrx_word' id='word_1_281' title='bbox 1589 2118 1624 2155; x_wconf 93' lang='lat' dir='ltr'><strong><em>V</em></strong></span> 
     </span>
     <span class='ocr_line' id='line_1_31' title="bbox 262 2163 1615 2216; baseline -0.004 -11"><span class='ocrx_word' id='word_1_282' title='bbox 262 2169 330 2206; x_wconf 74' lang='lat' dir='ltr'><strong><em>sed</em></strong></span> <span class='ocrx_word' id='word_1_283' title='bbox 355 2170 379 2216; x_wconf 87' lang='grc' dir='ltr'>β</span> <span class='ocrx_word' id='word_1_284' title='bbox 404 2169 444 2204; x_wconf 85' lang='lat' dir='ltr'><strong><em>in</em></strong></span> <span class='ocrx_word' id='word_1_285' title='bbox 470 2180 531 2204; x_wconf 75' lang='lat' dir='ltr'><strong><em>ras</em></strong></span> <span class='ocrx_word' id='word_1_286' title='bbox 555 2168 612 2204; x_wconf 90' lang='lat' dir='ltr'><strong><em>m⁸</em></strong></span> <span class='ocrx_word' id='word_1_287' title='bbox 676 2171 696 2204; x_wconf 83' lang='lat'>8</span> <span class='ocrx_word' id='word_1_288' title='bbox 721 2168 880 2214; x_wconf 76' lang='grc' dir='ltr'><strong><em>ἐθήρευε</em></strong></span> <span class='ocrx_word' id='word_1_289' title='bbox 909 2167 1061 2204; x_wconf 84' lang='lat' dir='ltr'><strong><em>VaVoS</em></strong></span> <span class='ocrx_word' id='word_1_290' title='bbox 1139 2171 1182 2202; x_wconf 88' lang='lat'><strong><em>10</em></strong></span> <span class='ocrx_word' id='word_1_291' title='bbox 1209 2166 1326 2203; x_wconf 78' lang='grc' dir='ltr'><strong><em>αὑτοῦ</em></strong></span> <span class='ocrx_word' id='word_1_292' title='bbox 1353 2166 1406 2202; x_wconf 86' lang='lat' dir='ltr'><strong><em>Vo</em></strong></span> <span class='ocrx_word' id='word_1_293' title='bbox 1431 2167 1497 2202; x_wconf 76' lang='lat' dir='ltr'><strong><em>sed</em></strong></span> <span class='ocrx_word' id='word_1_294' title='bbox 1517 2164 1526 2178; x_wconf 79' lang='lat'><strong>‘</strong></span> <span class='ocrx_word' id='word_1_295' title='bbox 1550 2163 1615 2200; x_wconf 86' lang='lat' dir='ltr'><strong><em>in’</em></strong></span> 
     </span>
     <span class='ocr_line' id='line_1_32' title="bbox 260 2212 1599 2264; baseline -0.003 -10"><span class='ocrx_word' id='word_1_296' title='bbox 260 2228 356 2261; x_wconf 73' lang='lat' dir='ltr'>cort,</span> <span class='ocrx_word' id='word_1_297' title='bbox 381 2217 410 2254; x_wconf 87' lang='lat' dir='ltr'><strong><em>S</em></strong></span> <span class='ocrx_word' id='word_1_298' title='bbox 428 2219 434 2258; x_wconf 89' lang='grc'>1</span> <span class='ocrx_word' id='word_1_299' title='bbox 456 2217 616 2264; x_wconf 79' lang='grc' dir='ltr'><strong><em>σεβῆρον</em></strong></span> <span class='ocrx_word' id='word_1_300' title='bbox 642 2217 677 2253; x_wconf 94' lang='lat' dir='ltr'><strong><em>V</em></strong></span> <span class='ocrx_word' id='word_1_301' title='bbox 692 2215 759 2251; x_wconf 73' lang='lat' dir='ltr'><strong><em>ned</em></strong></span> <span class='ocrx_word' id='word_1_302' title='bbox 832 2216 871 2250; x_wconf 86' lang='lat' dir='ltr'><strong><em>in</em></strong></span> <span class='ocrx_word' id='word_1_303' title='bbox 896 2226 958 2251; x_wconf 71' lang='lat' dir='ltr'><strong><em>ras</em></strong></span> <span class='ocrx_word' id='word_1_304' title='bbox 983 2215 1039 2251; x_wconf 63' lang='grc' dir='ltr'><strong><em>ιη’</em></strong></span> <span class='ocrx_word' id='word_1_305' title='bbox 1088 2218 1133 2251; x_wconf 77' lang='lat'><strong><em>15</em></strong></span> <span class='ocrx_word' id='word_1_306' title='bbox 1158 2214 1200 2250; x_wconf 84' lang='grc' dir='ltr'><strong><em>τὸ</em></strong></span> <span class='ocrx_word' id='word_1_307' title='bbox 1226 2218 1314 2250; x_wconf 74' lang='lat' dir='ltr'><strong><em>ante</em></strong></span> <span class='ocrx_word' id='word_1_308' title='bbox 1337 2213 1550 2258; x_wconf 77' lang='grc' dir='ltr'><strong><em>θαυμάζειν</em></strong></span> <span class='ocrx_word' id='word_1_309' title='bbox 1567 2212 1599 2250; x_wconf 78' lang='lat' dir='ltr'><strong><em>S</em></strong></span> 
     </span>
     <span class='ocr_line' id='line_1_33' title="bbox 261 2261 1620 2310; baseline -0.003 -10"><span class='ocrx_word' id='word_1_310' title='bbox 261 2268 308 2300; x_wconf 81' lang='lat'><strong><em>16</em></strong></span> <span class='ocrx_word' id='word_1_311' title='bbox 332 2265 398 2301; x_wconf 68' lang='lat' dir='ltr'><strong><em>ml</em></strong></span> <span class='ocrx_word' id='word_1_312' title='bbox 422 2275 484 2300; x_wconf 88' lang='lat' dir='ltr'><strong><em>om</em></strong></span> <span class='ocrx_word' id='word_1_313' title='bbox 513 2263 618 2300; x_wconf 77' lang='lat' dir='ltr'>Wolf</span> <span class='ocrx_word' id='word_1_314' title='bbox 688 2266 732 2300; x_wconf 87' lang='lat'><strong><em>18</em></strong></span> <span class='ocrx_word' id='word_1_315' title='bbox 757 2276 774 2300; x_wconf 83' lang='grc' dir='ltr'><strong><em>ε</em></strong></span> <span class='ocrx_word' id='word_1_316' title='bbox 799 2264 916 2309; x_wconf 71' lang='grc' dir='ltr'><strong><em>δηλον</em></strong></span> <span class='ocrx_word' id='word_1_317' title='bbox 939 2263 970 2300; x_wconf 81' lang='lat' dir='ltr'><strong><em>S</em></strong></span> <span class='ocrx_word' id='word_1_318' title='bbox 1005 2265 1012 2310; x_wconf 86' lang='grc' dir='ltr'>Ι</span> <span class='ocrx_word' id='word_1_319' title='bbox 1050 2262 1176 2299; x_wconf 81' lang='grc' dir='ltr'><strong><em>πάντα</em></strong></span> <span class='ocrx_word' id='word_1_320' title='bbox 1201 2262 1237 2297; x_wconf 90' lang='lat' dir='ltr'><strong><em>V</em></strong></span> <span class='ocrx_word' id='word_1_321' title='bbox 1257 2261 1323 2298; x_wconf 73' lang='lat' dir='ltr'><strong><em>aed</em></strong></span> <span class='ocrx_word' id='word_1_322' title='bbox 1348 2271 1369 2297; x_wconf 87' lang='lat' dir='ltr'>e</span> <span class='ocrx_word' id='word_1_323' title='bbox 1393 2267 1513 2298; x_wconf 76' lang='grc' dir='ltr'><strong><em>ταῦτα</em></strong></span> <span class='ocrx_word' id='word_1_324' title='bbox 1537 2270 1620 2296; x_wconf 84' lang='lat' dir='ltr'><strong>con·</strong></span> 
     </span>
     <span class='ocr_line' id='line_1_34' title="bbox 259 2307 903 2356; baseline -0.003 -8"><span class='ocrx_word' id='word_1_325' title='bbox 259 2311 318 2348; x_wconf 69' lang='grc' dir='ltr'><strong><em>ω’</em></strong></span> <span class='ocrx_word' id='word_1_326' title='bbox 351 2311 507 2349; x_wconf 79' lang='grc' dir='ltr'><strong><em>πάντων</em></strong></span> <span class='ocrx_word' id='word_1_327' title='bbox 531 2312 561 2349; x_wconf 81' lang='lat' dir='ltr'><strong><em>S</em></strong></span> <span class='ocrx_word' id='word_1_328' title='bbox 632 2315 678 2347; x_wconf 78' lang='lat'><strong><em>22</em></strong></span> <span class='ocrx_word' id='word_1_329' title='bbox 702 2307 820 2356; x_wconf 84' lang='grc' dir='ltr'><strong><em>ἧσπερ</em></strong></span> <span class='ocrx_word' id='word_1_330' title='bbox 847 2311 903 2347; x_wconf 85' lang='lat' dir='ltr'><strong><em>Va</em></strong></span> 
     </span>
    </p>
   </div>
  </div>
 </body>
</html>
