1806 2964
724 208 964 246 EPISTULA
992 214 1034 245 21
1225 216 1227 219 “
1526 210 1580 253 19

195 325 334 381 ἀρχαῖς
360 322 382 365 ὁ
409 323 635 376 Νικέντιος,
660 323 805 377 ἔχουσα
837 323 880 365 δέ
904 340 941 364 τι
967 325 1202 379 πικρότερον
1227 331 1299 378 τῆς
1325 325 1483 379 βλάβης
1508 324 1581 377 τὴν

195 391 375 441 ἀδοξίαν.
407 389 433 444 ἡ
458 390 534 446 γὰρ
560 391 755 443 καταδίκη
781 391 903 444 ζημία
927 391 987 441 τίς
1012 390 1093 432 ἔστι
1124 395 1399 446 κατεγνωκυῖα
1423 392 1580 433 κακίαν.

197 462 235 500 4.
268 462 352 508 τοῖς
383 456 455 511 μὲν
492 453 568 499 οὖν
599 456 811 498 ἀδικοῦσιν
837 453 1083 514 Ἑρμογένης
1114 457 1289 513 ἐπαγέτω
1324 459 1463 511 δίκην,
1505 457 1582 513 ἐγὼ

197 531 353 580 πρῶτος
378 525 528 567 ἐπαινῶ
553 524 628 577 τὴν
653 522 792 579 ὀργήν,
817 523 895 566 κᾶν
919 525 1124 577 παύσηται
1149 531 1221 579 τῆς
1246 524 1310 566 ε’πὶ
1341 529 1425 575 τοῖς
1448 526 1582 566 τοιού-

197 609 279 642 τοις
300 591 435 648 ὄργῆς,
460 591 527 633 καὶ
552 590 629 646 ἐγὼ
654 597 734 632 τῶν
759 591 951 645 ἐπαίνων,
975 593 1020 634 τὸ
1047 599 1123 633 νῦν
1150 591 1193 633 δὲ
1212 599 1330 634 τοῦτο
1356 592 1579 647 παραγωγή
1620 606 1636 632 5

197 661 256 709 τίς
293 659 374 701 ἐστι
411 658 479 700 καὶ
522 658 638 713 ἔργον
680 657 856 709 ἀπάτης,
895 659 945 700 οὐ
981 666 1052 712 τῆς
1089 656 1361 714 Ἑρμογένους
1407 649 1579 711 φύσῖως.

200 730 238 768 5.
258 725 380 767 ἄκουε
407 725 468 767 δέ·
495 725 675 778 σταθμός
700 725 757 773 τίς
777 722 856 766 ἐστι
875 726 964 780 περὶ
983 725 1053 767 τὸν
1071 726 1312 779 Εὐφράτην,
1338 726 1580 774 Καλλίνικος

197 793 326 846 ὄνομα
351 793 472 850 αὐτῷ·
499 792 748 833 Καλλινίκου
773 791 850 846 γὰρ
876 792 1055 833 ἐνταῦθα
1081 792 1389 848 ἀποσφαγέντος
1415 791 1437 834 ὅ
1462 804 1579 844 σοφι-

198 860 293 912 στὴς
326 861 476 914 γίνεται
510 859 759 913 προσηγορία
798 863 852 917 τῷ
884 859 1013 917 τόπῳ,
1049 855 1116 900 οἷα
1156 859 1283 901 πολλὰ
1319 858 1392 913 μὲν
1429 858 1472 900 ἐν
1513 867 1581 917 γῇ,

197 926 324 968 πολλὰ
349 925 392 967 δὲ
417 925 461 967 ἐν
485 925 666 982 θαλάττῃ
686 926 819 966 πάλαι.
854 928 892 966 6.
912 933 1029 967 τοῦτο
1056 926 1107 979 δὴ
1132 927 1177 968 τὸ
1196 927 1342 980 χωρίον
1367 926 1444 980 ἔχει
1465 938 1577 980 στρα-
1599 941 1634 966 ιο

197 994 287 1034 τιὰν
312 991 547 1046 ἱδρυμένην,
571 990 626 1045 ἣν
652 993 717 1032 δεῖ
729 991 950 1046 τρέφεσθαι
974 989 1071 1047 παρ’
1094 991 1210 1046 ἡμῶν
1229 994 1305 1035 οὐκ
1323 993 1448 1035 ἐκεῖσε
1467 1008 1577 1046 κομι-

199 1062 362 1110 ζόντων,
387 1055 471 1100 ἀλλ’
501 1058 663 1111 ἑτέρωσε
693 1059 763 1111 τὴν
788 1061 965 1113 τροφήν,
992 1060 1150 1102 ἐκεῖθεν
1176 1059 1220 1102 δὲ
1244 1061 1301 1109 είς
1335 1061 1581 1101 Καλλίνικον

199 1126 311 1181 ἄγειν
337 1126 461 1180 νόμος
485 1126 557 1168 τὸν
581 1125 753 1181 ἄρχοντα
779 1132 859 1167 τῶν
882 1126 973 1182 περὶ
998 1127 1069 1168 τὸν
1094 1126 1333 1181 Εὐφράτην.
1369 1126 1582 1176 Νικέντιος

200 1193 243 1235 δὲ
275 1194 322 1234 τὰ
356 1193 481 1234 αὑτοῦ
513 1194 759 1246 διακονήσας
790 1188 848 1234 ὧν
879 1192 1185 1247 ἐπλημμέλησαν
1215 1193 1340 1247 ἕτεροι
1378 1195 1493 1242 δίκας
1525 1194 1581 1234 δί-

200 1261 313 1313 δωσι,
356 1246 472 1301 τοῦτο
505 1259 557 1313 δὴ
588 1259 631 1300 τὸ
663 1259 708 1301 ἐν
739 1259 898 1300 Αὐλίδι.
941 1264 976 1301 7.
1004 1261 1099 1310 ἴσως
1130 1259 1203 1314 μὲν
1235 1255 1312 1302 οὖν
1344 1258 1441 1301 οὐδ’
1461 1260 1581 1309 αὐτὸς
1602 1274 1636 1300 15

200 1327 457 1382 διηγησάμην
489 1333 637 1376 κακῶς,
662 1327 700 1367 εἰ
723 1322 762 1367 δ’
786 1321 862 1368 οὖν
887 1342 924 1367 τι
950 1327 1017 1368 καὶ
1042 1326 1280 1381 ἐξηνέχθην,
1307 1326 1520 1377 Νικὲντιός
1538 1339 1581 1369 σε

200 1393 352 1442 διδάξει
375 1396 517 1442 καλῶς.
543 1393 593 1434 σὺ
620 1391 662 1434 δὲ
687 1394 903 1447 βοήθησον
930 1395 1048 1436 δυοῖν
1072 1395 1240 1448 ἄρχουσι
1258 1394 1328 1436 τὸν
1354 1393 1428 1447 μὲν
1453 1394 1580 1444 ἐξελό-

201 1475 320 1513 μενος
343 1460 497 1514 βλάβης
521 1458 678 1508 ἀδίκου,
703 1459 774 1500 τὸν
793 1459 949 1507 ἐλάττω,
969 1462 1039 1503 τὸν
1064 1458 1103 1502 δ’
1126 1460 1356 1514 ἀποστήσας
1383 1459 1504 1517 ὀργῆς
1529 1461 1579 1502 οὗ

274 1610 292 1642 7
323 1607 443 1643 Amm.
464 1607 576 1643 Marc.
598 1607 715 1643 XXIII
739 1612 773 1653 3,
789 1611 808 1642 7
881 1614 924 1645 15
945 1609 990 1644 cf.
1003 1611 1028 1644 t.
1039 1608 1124 1644 VIII
1138 1613 1196 1654 36,
1212 1613 1232 1644 5
1245 1620 1298 1655 sq.
1316 1608 1517 1645 Salzmann
1534 1612 1575 1644 21

274 1756 295 1787 3
321 1751 495 1798 ὑπαγέτω
522 1753 569 1789 Vi
642 1758 665 1787 4
690 1750 764 1788 κᾶν
779 1774 823 1780 -
839 1758 861 1788 ὅ
881 1751 1050 1790 ἐπαίνων
1068 1753 1289 1799 praemissis
1309 1753 1438 1790 verbis
1457 1755 1579 1790 παύο-

200 1815 268 1846 μαι
294 1800 337 1837 ab
361 1803 586 1847 παθητικῶς
610 1807 762 1849 γενικῇ,
789 1802 839 1843 ὡς
864 1802 929 1838 καὶ
955 1801 1139 1849 Αιβάνιος
1158 1801 1254 1838 citat
1272 1801 1410 1848 Θεοῖς.
1438 1802 1578 1849 Lacap.

201 1850 339 1886 constr.
373 1849 473 1886 verb.
506 1849 563 1886 od.
596 1849 790 1885 Hermann
822 1850 870 1886 de
902 1850 1050 1886 emend.
1085 1851 1155 1887 rat.
1195 1861 1353 1898 gramm.
1391 1861 1515 1898 graec.
1541 1863 1579 1898 p.

201 1901 341 1943 387‚24
364 1900 370 1944 Ι
391 1904 471 1940 τοῖς
490 1909 552 1934 om
562 1898 672 1934 Wolf
722 1902 742 1934 ὃ
763 1899 805 1936 δὲ
818 1899 972 1945 reposui
993 1909 1013 1935 e
1026 1898 1136 1935 libris
1161 1899 1227 1935 καὶ
1241 1899 1317 1936 odd
1375 1903 1394 1935 7
1410 1900 1580 1947 σταθμός

203 1968 248 1973 -—-
280 1950 302 1982 8
335 1946 439 1995 αὐτῷ
453 1947 677 2005 praemissis
707 1947 834 1983 verbis
859 1947 1025 1994 σταθμοὶ
1050 1948 1116 1984 καὶ
1148 1947 1185 1984 οἱ
1216 1947 1315 1984 κατὰ
1345 1946 1487 1990 τόπους
1512 1949 1580 1994 δη-

199 1994 326 2041 μόσιοι
351 1995 473 2041 ἀγροι,
499 1994 597 2031 ἔνθα
628 1996 693 2032 καὶ
731 1994 843 2033 ἵπποι
872 1995 1046 2042 δημόσιοι
1071 1995 1288 2042 ἐτρέφοντο.
1322 1995 1507 2044 Λιβάνιος
1538 1998 1580 2033 ἐν

202 2042 376 2090 ἐπιστολῇ
414 2049 476 2090 τῇ·
510 2042 706 2089 Πρότερον
740 2042 810 2090 μὲν
840 2044 1062 2091 ἐθαύμαζον
1101 2044 1198 2081 citat
1237 2043 1369 2080 Thom.
1404 2044 1454 2082 M.
1483 2057 1511 2081 s.
1547 2058 1577 2080 v,

202 2090 372 2137 σταθμός
389 2104 426 2138 p.
438 2095 521 2136 345,
536 2095 580 2127 16
603 2092 634 2127 R
697 2096 716 2128 7
736 2091 793 2134 τίς
812 2104 874 2129 om
894 2092 1016 2129 'Phom
1079 2097 1101 2128 8
1120 2091 1339 2130 καλλινίκου
1352 2093 1425 2140 γὰρ
1446 2093 1494 2130 Vi
1512 2095 1580 2130 sed

201 2141 355 2186 praeter
373 2154 396 2175 κ
415 2143 465 2187 (1)
490 2140 532 2176 in
550 2151 613 2176 ras
635 2143 640 2179 Ι
663 2140 874 2187 σφαγέντος
892 2141 1000 2178 Wolf
1059 2146 1105 2177 10
1123 2142 1166 2178 δὲ
1186 2140 1296 2177 Wolf
1368 2145 1412 2177 13
1439 2140 1580 2188 νόμους

210 2189 258 2224 Vi
301 2190 308 2234 Ι
353 2189 444 2236 τῶν]
469 2188 536 2225 τὸν
570 2189 662 2225 ViD
738 2193 782 2225 14
810 2190 928 2226 αὑτοῦ
964 2191 1000 2227 V
1027 2190 1109 2225 sed‘
1137 2190 1178 2226 in
1202 2201 1264 2226 ras
1291 2189 1348 2226 ιη’
1373 2191 1493 2227 αὐτοῦ
1529 2191 1579 2227 Vo

201 2236 232 2274 S
246 2237 368 2283 ViD1
390 2236 674 2310 ἐπλημμέλησαν
708 2238 744 2274 V
769 2238 836 2274 sed
868 2252 894 2285 μ
908 2240 957 2284 (2)
990 2238 1122 2274 subscr
1152 2238 1209 2274 m²
1247 2238 1505 2286 ἐπλημέλησαν
1536 2251 1582 2285 pr

203 2308 465 2355 ἐκοιμήθησαν
497 2310 586 2347 Vos
615 2309 880 2356 ἐκοιμήθηκαν
914 2311 960 2348 Vi
991 2299 1254 2358 ἐκόῗμήθησαν
1280 2311 1322 2347 D
1398 2315 1442 2347 15
1469 2311 1581 2348 ἐναυ-

202 2355 278 2393 λίδι
309 2357 358 2393 Vi
414 2361 458 2393 16
479 2357 514 2394 εἰ
525 2379 570 2384 -
587 2363 630 2394 17
651 2360 774 2401 καλῶς
793 2359 1013 2405 praemissis
1031 2358 1157 2395 verbis
1177 2359 1348 2396 διδάσκω
1375 2361 1579 2407 αἰτιατικῇ.

202 2404 387 2453 Λιβάνιος
410 2405 584 2443 laudavit
602 2406 823 2453 Lacapenus
847 2407 1076 2456 [Lindstam‚
1103 2407 1239 2455 Georg.
1260 2408 1346 2444 Lae.
1368 2420 1405 2454 p.
1429 2407 1580 2456 XXXII]

204 2455 342 2490 constr.
362 2454 463 2490 verb.
484 2454 531 2490 ed
552 2454 595 2490 G.
616 2455 808 2491 Hermann
827 2455 875 2492 de
894 2456 1042 2493 emend.
1056 2457 1127 2493 τοῦ.
1149 2467 1307 2503 gramm.
1323 2467 1360 2502 p.
1383 2460 1468 2517 368ζ
1487 2459 1533 2491 30

206 2506 250 2537 16
277 2499 360 2549 οὖν]
388 2499 437 2538 αὖ
457 2502 497 2538 D
528 2504 534 2548 Ι
557 2502 744 2550 ἐξηνέχθη
763 2504 889 2550 Laoap
911 2508 916 2550 Ι
939 2515 978 2541 σε
999 2516 1060 2541 om
1080 2504 1208 2541 SViD
1273 2507 1318 2540 18
1335 2503 1404 2541 τόν
1431 2506 1455 2540 ὃ
1491 2505 1525 2540 V
