1806 2964
631 207 900 245 EPISTULAE
926 212 1119 245 488—490
1472 208 1561 252 465

188 321 260 364 τὸν
293 320 366 375 μὲν
398 320 489 375 περὶ
522 328 594 375 τῆς
628 321 897 374 μεταστάσεως
933 322 1067 375 φόβον
1100 328 1274 376 χειμῶνα
1307 324 1456 374 καλεῖν,
1489 328 1563 363 τοῦ

188 387 324 443 φόβου
359 386 403 428 δὲ
437 387 512 440 τὴν
545 386 780 442 ἀπαλλαγὴν
813 383 912 441 ἦρος
947 388 1073 442 χάριν.
1123 386 1177 441 ἣν
1202 387 1270 429 διὰ
1304 391 1463 429 πολλῶν
1489 386 1562 441 μὲν

186 452 323 495 ἀκούω
357 468 427 507 μοι
459 458 710 508 πεπρᾶχθαι,
743 453 811 495 καὶ
844 454 972 495 πολλά
1004 469 1048 510 γε
1080 452 1219 509 ἀγαθὰ
1250 453 1402 509 γένοιτο
1437 461 1560 495 πᾶσιν

187 518 331 562 ὁπόσοι
356 535 391 560 τι
422 518 749 574 συνεισήνεγκαν.
800 521 839 560 3.
866 520 902 561 εἰ
932 516 971 561 δ’
1000 519 1043 560 οἴ
1063 525 1143 560 τῶν
1166 525 1357 572 ποταμῶν
1382 517 1559 560 ἀπολαύ-

186 600 298 635 οντες
323 586 380 635 εἰς
403 585 528 627 καλὸν
546 589 632 635 ταῖς
656 590 806 640 πηγαῖς
830 584 882 626 ἂν
900 585 1063 635 εἰκότως
1086 585 1226 627 εἰδεῖεν
1244 585 1319 639 τὴν
1338 586 1468 639 χάριν,
1491 585 1559 626 καὶ
1596 601 1614 628 5

185 650 234 692 τὰ
257 652 409 693 τούτων
433 650 622 692 ἁπάντων
641 651 691 692 σὰ
717 650 871 693 θετέον.
908 651 988 694 ἀπὸ
1007 651 1082 707 γὰρ
1102 658 1173 706 τῆς
1191 658 1280 706 σῆς,
1305 647 1430 705 οἶμαι,
1454 651 1559 706 γνώ-

185 733 265 772 μης
295 717 452 759 ἅπαντα
483 717 620 772 ἐρρύη.
672 720 711 759 4.
736 717 849 759 ταυτὶ
880 717 954 772 μὲν
980 713 1056 760 οὖν
1082 718 1230 767 ἱκανῶς
1261 717 1563 773 ἕκπεπλήρωταί

184 796 263 838 σοι,
287 781 378 833 τοῖξ
397 788 537 833 κακοῖς
569 783 613 826 δὲ
638 783 806 833 ἐκείνοις
836 784 863 825 ἃ
887 783 978 839 περὶ
1009 784 1084 838 τὴν
1114 783 1297 837 κεφαλὴν
1322 782 1434 842 ᾔδεις
1460 782 1558 825 ὄντα

184 865 255 904 μοι
277 849 500 904 προσετέθη
526 850 653 893 κακὸν
677 849 812 904 ἕτερον
836 851 982 906 πικρόν
1007 866 1046 892 τε
1071 850 1140 892 καὶ
1159 849 1333 904 συνεχές,
1359 848 1380 891 ὃ
1405 857 1558 892 παῦσαι

183 922 254 970 τῆς
278 922 352 970 σῆς
375 914 428 958 ἂν
453 917 515 970 εἴη
540 916 681 971 χειρός,
707 915 762 966 ὥς
786 917 836 957 αἴ
852 932 896 972 γε
920 923 1001 958 τῶν
1025 915 1157 958 ἄλλων
1180 917 1378 971 ἥττηνται.
1425 918 1464 958 5.
1488 916 1556 958 καὶ
1577 933 1611 959 ιο

181 986 316 1036 κεῖμαι
339 989 418 1024 νῦν
442 981 522 1024 ὑπὸ
547 989 627 1024 τῶν
652 990 815 1037 νεφρῶν
838 983 897 1033 εἰς
927 983 1068 1025 ἐλπίδα
1093 985 1189 1037 μίαν
1214 983 1289 1036 τὴν
1314 982 1391 1036 σὴν
1416 981 1556 1036 ἄφιξιν

182 1047 300 1104 ὁρῶν.
345 1052 494 1103 μᾶλλον
520 1049 583 1103 δέ,
607 1048 676 1090 καὶ
701 1045 754 1091 δι’
782 1049 1007 1103 ἐπιστολῆς,
1032 1045 1064 1090 ὦ
1090 1049 1291 1103 δαιμόνιε,
1316 1049 1464 1104 βοήθει
1487 1049 1556 1090 καὶ

181 1115 356 1168 ποίησον
379 1114 454 1168 τὴν
479 1115 679 1169 βοήθειαν
703 1116 876 1170 βιβλίον,
908 1115 1017 1166 ὅπως
1048 1115 1139 1170 ἐμοί
1159 1131 1199 1157 τε
1223 1107 1464 1174 ᾖξ’σωθῆναι
1488 1115 1556 1156 καὶ

180 1185 266 1231 τοῖς
290 1181 440 1237 ἰατροῖς
465 1185 628 1236 μαθεῖν,
655 1181 732 1240 ’ὅτῳ
757 1182 891 1240 τρόπῳ
916 1181 961 1224 τὸ
986 1183 1122 1232 πάθος
1146 1181 1378 1237 ἐξοριστέον,

825 1325 903 1377 vq'.
1456 1334 1505 1369 W
1532 1337 1625 1370 1279

661 1412 903 1470 Δατιανῷ.
955 1422 1061 1466 (356)
1572 1427 1606 1453 16

244 1498 282 1537 1.
321 1495 378 1536 Εἰ
408 1494 476 1537 καὶ
510 1493 637 1549 μηδὲν
662 1493 762 1549 ἡμῖν
787 1500 871 1546 τοῖς
895 1496 1025 1551 ἔργοις
1049 1495 1318 1551 βεβοηθηκὼς
1342 1497 1553 1551 γράμματα

181 1560 438 1615 ἕπεπόμφεις,
463 1560 508 1602 ἕν
526 1566 610 1611 τοῖς
627 1561 675 1603 τὰ
700 1561 862 1617 μέγιστα
886 1561 1183 1618 κεχαρισμένοις
1202 1561 1354 1612 ἕτὲταξο
1378 1561 1447 1603 ἄν·
1472 1568 1552 1603 νῦν

179 1625 223 1668 δὲ
247 1626 316 1668 καὶ
341 1629 512 1682 βοηθῶν
531 1628 671 1678 ἔσωζες
688 1628 756 1669 καὶ
781 1629 913 1678 σώσας
938 1627 1172 1682 ἐπέστελλες,
1196 1633 1251 1686 τῷ
1277 1627 1350 1682 μὲν
1369 1627 1551 1682 ὠφελῶν,

178 1697 231 1750 τῷ
251 1692 295 1735 δὲ
319 1700 482 1747 κοσμῶν
505 1693 573 1735 καὶ
598 1693 699 1735 καλὰ
717 1698 854 1744 καλοῖς
879 1696 1121 1749 προστιθείς.
1148 1695 1292 1736 αὐλοί
1315 1707 1415 1748 φασι
1435 1695 1548 1748 μετὰ
1569 1704 1606 1730 2⁰

178 1759 340 1814 λύραν.
368 1762 406 1801 2.
426 1760 470 1801 ot
484 1758 558 1814 μὲν
582 1756 658 1803 οὖν
682 1759 794 1803 ἄλλοι
810 1761 1062 1816 περιστάντες
1081 1760 1328 1815 ἐθαύμαζον,
1347 1761 1550 1815 ἐκρότουν,

177 1823 399 1879 ἐμέμνηντο
431 1833 605 1881 συνεχῶς
630 1833 702 1881 τῆς
735 1828 852 1878 θείας
876 1830 1070 1882 κεφαλῆς“
1103 1826 1179 1883 ἐγὼ
1206 1826 1249 1869 δὲ
1274 1827 1550 1883 ἁβρυνόμενος

251 1957 295 1989 15
329 1955 381 1990 V!
401 1953 448 2001 γ’,
475 1953 554 2000 ρπ’.
588 1956 644 1992 Va
669 1954 712 2001 ε’,
739 1955 792 2000 off

253 2078 271 2110 1
304 2073 353 2110 cf.
373 2084 431 2121 ep.
460 2078 542 2110 399.
575 2077 657 2112 404.
691 2079 773 2112 405.
807 2075 926 2113 Seeck
958 2079 1029 2112 320
1142 2080 1186 2113 1⁶
1214 2076 1359 2113 Sievors
1393 2079 1438 2113 68
1469 2079 1546 2115 not.

179 2123 236 2159 31.
269 2120 388 2158 Seeck
416 2126 495 2159 113.
523 2126 592 2160 327
668 2126 714 2160 20
740 2123 943 2161 Salzmann
970 2128 1016 2161 60

248 2244 271 2276 4
295 2255 333 2278 τι
357 2242 492 2289 scripsi
517 2244 561 2279 ut
586 2244 671 2280 coni
696 2244 804 2281 Wolf
819 2244 878 2281 ‘Re
921 2243 958 2281 τί
985 2246 1080 2282 VVa
1115 2257 1155 2281 τε
1180 2244 1289 2281 Wolf
1358 2249 1379 2281 6
1406 2245 1455 2286 σὰ
1478 2249 1546 2282 θε-

173 2288 260 2326 τέον
286 2291 322 2326 V
342 2290 408 2326 sed
434 2305 479 2337 γρ
506 2292 564 2328 σοι
588 2292 821 2337 προσθετέον
846 2293 886 2329 in
911 2304 1021 2340 marg
1051 2293 1108 2328 m⁴
1135 2295 1301 2339 „mallem
1327 2294 1406 2330 ‹50‘2‘⁴
1434 2294 1490 2330 Re

176 2340 196 2372 '¹1
222 2338 330 2373 ταυτὶ
355 2338 489 2386 scripsi
515 2350 536 2376 e
562 2341 597 2376 V
640 2341 746 2377 τουτὶ
772 2342 829 2377 Va
853 2341 962 2378 Wolf
1044 2345 1088 2377 10
1114 2339 1164 2378 ἂν
1189 2341 1331 2378 inserui
1356 2353 1377 2378 e
1408 2341 1519 2378 libris

173 2396 236 2421 om
261 2385 369 2422 Wolf
439 2392 483 2422 16
513 2390 687 2437 Τατιανῷ
714 2389 799 2425 coni
824 2389 880 2426 Re
955 2393 1000 2425 19
1027 2389 1171 2433 ἔσωιζες
1196 2392 1236 2426 et
1260 2391 1398 2433 σώισας
1429 2392 1465 2426 1’

174 2437 221 2468 20
245 2437 482 2519 πςίοστιᾯτετιιέι
509 2437 544 2472 V
565 2436 631 2473 ned
650 2439 665 2448 ‘
692 2436 754 2473 in*
783 2448 866 2473 corr
890 2439 929 2474 et
954 2452 969 2475 ι
994 2449 1076 2474 οη·
1153 2442 1197 2474 21
1226 2436 1295 2475 οὖν
1313 2438 1456 2475 inserui
1476 2451 1495 2475 e
1514 2441 1549 2476 Γ

196 2492 259 2518 om
303 2493 342 2519 'a
416 2494 438 2519 ο
