1806 2964
672 196 942 234 EPISTULAE
969 200 1112 233 21-23
1234 238 1237 240 ,
1529 195 1583 239 21

205 313 342 366 ἐπειδὴ
366 313 441 365 τὴν
467 311 630 367 ὀπώραν
656 312 800 366 ἔλαβον
820 311 886 352 καὶ
917 306 1047 360 εἶδον,
1081 306 1146 351 οἷα
1172 311 1282 365 παρὰ
1308 310 1371 351 σοὶ
1398 310 1518 351 τίκτει
1542 309 1589 350 τὰ

207 381 366 436 δένδρα,
391 380 589 432 θαυμάζω
615 379 862 432 μεταβαλών,
890 378 948 419 ὅτι
975 378 1025 431 δὴ
1053 377 1239 430 τοιαύτης
1257 383 1333 432 γῆς
1351 376 1420 418 καὶ
1447 376 1590 430 μικρὸν

204 446 470 488 ἀπανίστασαι
504 446 661 500 χρόνον.
714 449 751 486 2.
786 445 881 494 ἴσως
915 459 996 485 που
1034 451 1214 493 τοιοῦτος
1249 439 1301 497 ἧν
1338 442 1359 484 ὅ
1399 450 1530 497 κῆπος
1568 442 1590 484 ὁ

205 514 326 563 δόξας
351 517 455 567 μῆλα
481 512 697 554 δεδωκέναι
729 518 875 567 χρυσᾶ,
908 511 934 552 ἃ
966 518 1091 566 χρυσᾶ
1125 509 1198 564 μὲν
1224 511 1299 552 οὐκ
1327 507 1399 565 ἦν,
1432 510 1481 552 οὐ
1513 510 1589 566 γὰρ

205 575 323 629 οὗτος
343 587 483 632 φυτῶν
504 579 638 632 νόμος,
666 578 733 620 διὰ
759 578 801 619 δὲ
820 579 963 627 κάλλος
983 578 1173 631 ἐκτήσατο
1194 578 1269 631 τὴν
1295 577 1374 618 ἀπὸ
1401 584 1472 619 τοῦ
1492 593 1585 632 χρυ-
1628 590 1643 616 5

204 653 280 688 σοῦ
305 646 459 699 φήμην.
498 645 596 687 ἀλλὰ
621 645 688 687 καὶ
720 646 909 697 τοιαύτης
940 643 1066 699 οὔσης
1097 657 1161 687 σοι
1194 651 1265 699 τῆς
1298 643 1459 700 ὀπώρας
1492 644 1592 685 κατὰ

203 713 278 766 τὴν
320 713 428 767 ὥραν
461 712 613 766 ἐκράτει
647 712 694 753 τὰ
734 713 962 767 γράμματα·
1004 719 1196 753 τοσοῦτον
1237 711 1397 761 ἄνθους
1433 715 1589 765 μετεῖχε.

203 783 241 821 3.
262 780 461 835 θεράπευε
487 779 539 832 δὴ
568 779 691 828 θεοὺς
716 779 892 833 ἐφόρους
917 781 1121 835 γεωργίας.
1155 780 1222 820 δεῖ
1241 778 1285 820 δέ
1310 791 1353 820 σε
1380 779 1430 820 οὔ
1456 783 1590 820 πονεῖ-

201 851 302 887 σθαι
330 850 409 894 τοῖς
441 845 688 899 ἀναθήμασι.
729 845 784 899 μὴ
815 845 892 900 γὰρ
919 845 971 899 δὴ
996 846 1094 888 ἔστω
1119 847 1274 887 τούτων
1305 841 1364 886 ὧν
1388 845 1590 900 ἐργάζεται

200 913 429 968 χρυσοχόων
467 912 603 966 τέχνη,
640 910 726 953 ἀλλ’
761 909 836 965 ἀφ’
869 907 928 954 ὧν
964 912 1110 954 ἔδοσαν
1146 913 1369 966 τιμάσθων.
1416 907 1462 953 εὖ
1498 908 1589 953 οἶδα
1611 922 1645 949 1⁰

200 980 289 1034 γάρ,
314 977 370 1028 ὥς
395 979 514 1032 ἥδιον
539 978 676 1028 αὐτοῖς
701 980 902 1034 χρυσίδων
933 979 1097 1033 βότρυες
1119 978 1336 1032 ἐξημμένοι
1361 986 1441 1020 τῶν
1469 978 1589 1034 ἀγαλ-

197 1047 353 1099 μάτων.

857 1135 928 1192 κγ’.
1539 1145 1589 1179 W
1615 1150 1661 1181 22

658 1224 929 1281 Δημητρίῳ.
964 1220 1135 1278 (3581591

263 1319 299 1357 1.
330 1311 430 1356 Οὐδ’
455 1314 576 1363 αὐτὸς
602 1314 624 1356 ὅ
649 1313 740 1363 νέος
765 1312 866 1355 ἄνευ
892 1318 1084 1369 λογισμοῦ
1103 1310 1202 1369 παρ’
1224 1312 1331 1368 ἡμᾶς
1358 1310 1472 1368 ἧκεν,
1497 1315 1585 1356 ἀλλ’
1610 1334 1644 1361 15

196 1380 312 1430 εἰδὼς
337 1380 407 1422 τὸν
438 1381 564 1423 αὑτοῦ
590 1385 708 1423 θεῖον
734 1379 802 1435 ἐμέ
831 1396 870 1422 τε
903 1385 1101 1434 φιλοῦντα
1136 1381 1204 1422 καὶ
1241 1377 1312 1422 ὑπ’
1335 1381 1435 1434 ἐμοῦ
1468 1383 1587 1435 τιμώ-

200 1463 322 1500 μενον
377 1447 490 1501 ἥκων
521 1446 563 1489 δὲ
595 1445 712 1503 εὗρεν
749 1448 850 1503 ἅπερ
888 1447 1055 1501 1ἤλπισεν
1111 1448 1148 1489 εἰ
1180 1447 1315 1501 μέντοι
1352 1448 1419 1489 καὶ
1460 1449 1589 1504 λόγων

199 1515 328 1568 ἰσχύν,
353 1514 429 1555 οὐκ
454 1510 560 1568 οἶδα,
579 1514 654 1568 τὴν
680 1511 717 1556 δ’
742 1510 817 1556 οὖν
844 1515 1009 1557 εὔνοιαν
1034 1515 1241 1568 τοσαύτην
1262 1515 1363 1569 ὅσην
1391 1514 1457 1559 ἄν.
1483 1516 1520 1557 εἰ
1537 1516 1589 1557 σὺ

199 1580 349 1633 τούμὸν
374 1580 578 1636 ἔπραττες,
610 1581 770 1635 ἔνειμας
801 1581 910 1636 αὐτῷ
944 1581 1124 1634 φανέντι.
1172 1586 1211 1623 2.
1238 1581 1368 1637 λόγων
1407 1582 1479 1636 μὲν
1512 1578 1589 1625 οὖν

196 1647 320 1701 ἔχεται
351 1648 473 1688 πάλαι
505 1647 577 1701 μὲν
609 1647 743 1690 αὐτῶν
775 1644 910 1702 ἧφθαι
952 1649 1105 1699 δοκῶν,
1139 1655 1218 1690 νῦν
1253 1648 1296 1690 δὲ
1329 1647 1384 1699 ὡς
1420 1649 1587 1703 ἀληθῶς
1609 1669 1644 1694 20

274 1794 318 1825 13
349 1790 417 1829 Vn
443 1789 492 1835 α’,
519 1790 583 1833 ιζ’.
617 1791 670 1827 Vo
695 1790 744 1835 α’,
771 1791 814 1827 ε’.
842 1790 928 1837 δι’,
956 1790 1020 1838 ιβ’.
1047 1802 1092 1834 pr

274 1929 291 1960 1
320 1924 366 1960 cf.
388 1935 448 1971 ep.
475 1936 498 1960 a.
523 1935 583 1960 me
609 1923 754 1960 editam
779 1935 866 1960 ann.
900 1923 1033 1971 philol.
1061 1923 1187 1960 Floek.
1218 1928 1325 1971 1876,
1353 1929 1424 1962 504
1499 1929 1586 1972 seq.

197 1973 244 2009 cf.
266 1984 324 2019 ep.
346 1976 405 2008 86.
424 1975 452 2008 t.
472 1971 561 2008 vm
579 1976 665 2018 486,
680 1976 699 2009 ἰ
754 1977 796 2008 11
813 1972 861 2010 cf.
883 1983 942 2019 op.
958 1972 1187 2009 125⁷.De1n.
1202 1973 1361 2010 Androt.
1377 1986 1414 2020 p.
1436 1977 1520 2020 617,
1540 1978 1587 2010 20

249 2025 294 2057 14
320 2019 439 2058 Seeck
466 2024 546 2058 117.
574 2024 657 2058 352.
684 2020 854 2057 Silomon
882 2025 928 2057 19
1005 2025 1049 2057 15
1077 2021 1123 2057 ef.
1145 2032 1204 2068 ep.
1227 2025 1274 2058 24

275 2160 292 2190 1
321 2153 405 2192 οἷον
431 2154 540 2191 Wolf
610 2158 631 2190 2
658 2154 900 2203 μεταβάλλων
927 2154 1035 2191 Wolf
1106 2159 1127 2191 3
1154 2155 1448 2194 ἀπανίστασθαι
1473 2157 1503 2194 S

199 2209 222 2240 4
247 2208 381 2252 χρυσᾶ,
400 2202 426 2239 ἃ
446 2214 508 2240 om
535 2204 587 2240 Vo
608 2205 614 2250 Ι
636 2202 662 2239 ἃ
689 2215 751 2240 om
776 2203 852 2240 edd
874 2204 879 2249 Ι
901 2202 974 2250 γὰρ
993 2205 1082 2250 post
1107 2205 1176 2251 μὲν
1201 2205 1303 2241 inser
1336 2205 1409 2242 Vo'
1467 2209 1486 2240 7
1515 2206 1586 2253 χώ-

199 2266 273 2296 ραν
305 2253 359 2289 Vo
384 2251 452 2288 sed
477 2267 499 2300 χ
526 2263 610 2289 erae
636 2253 828 2298 et‘supra
853 2265 882 2287 ω
908 2252 967 2287 m*
1046 2256 1068 2289 8
1093 2251 1183 2290 θεοί
1204 2253 1340 2299 ἔφοροι
1366 2254 1396 2291 S
1479 2258 1521 2290 11
1544 2252 1587 2300 ἥ-

197 2303 284 2338 διον
304 2322 350 2327 -
370 2300 596 2347 ἀγαλμάτων
628 2300 848 2346 praemissis
882 2299 1004 2337 verbis
1038 2300 1214 2348 χρυσίδες
1243 2300 1383 2348 κυρίως
1417 2302 1459 2338 αὶ
1492 2302 1587 2340 ἀνα-

197 2348 397 2395 τιθέμεναι
421 2354 502 2392 τοῖς
531 2351 642 2390 θεοῖς
665 2354 806 2396 χρυσαῖ
829 2347 975 2396 φιάλαι.
1011 2354 1044 2386 Λ
1088 2349 1198 2393 άνιος
1231 2351 1273 2387 ἐν
1299 2352 1475 2399 ἐπιστολῇ
1503 2351 1587 2387 lau-

201 2397 306 2434 davit
330 2397 462 2434 Thom.
482 2397 532 2433 Μ.
555 2409 582 2433 ε.
603 2409 637 2433 v.
664 2395 841 2446 χρυσίδες
863 2409 901 2444 p.
923 2400 1006 2444 395,
1021 2401 1042 2435 6
1144 2401 1150 2446 Ι
1197 2399 1352 2436 κάλλιον
1379 2398 1502 2436 Thom

204 2449 247 2482 1⁶
274 2446 392 2483 αὐτοῦ
411 2445 501 2482 libri
521 2445 588 2482 sed
610 2443 621 2459 ’
646 2445 687 2482 in
704 2441 715 2457 ³
744 2457 829 2482 corr
854 2445 937 2490 Vo',
961 2458 1008 2494 pr
1108 2450 1151 2484 17
1178 2447 1221 2485 δὲ
1247 2447 1310 2484 del
1342 2448 1415 2485 Vo'
1480 2451 1525 2484 20
1546 2447 1588 2484 δὲ

210 2495 263 2531 Vo
289 2494 356 2531 sed
383 2494 399 2531 ὲ
424 2494 465 2530 in
485 2492 497 2509 '
523 2505 606 2530 corr
632 2494 689 2530 m’
733 2492 771 2531 δ’
799 2493 904 2531 Wolf
