1806 2964
650 224 920 262 EPISTULAE
946 227 1139 260 268—22'0
1214 253 1217 255 .
1482 223 1569 267 257

198 340 242 383 δὲ
266 341 390 384 αὐτὸν
415 340 658 382 ἐπαινοῦντα
684 337 757 392 μὲν
790 337 857 379 καὶ
881 337 927 378 τὰ
959 337 1160 391 παρόντα,
1193 337 1248 391 μὴ
1279 341 1428 379 ποθεῖν
1453 337 1498 380 δὲ
1523 337 1573 379 οὐ

199 407 428 461 δυνάμενον
447 405 590 448 ἐκεῖνα.
618 409 656 446 4.
678 405 834 461 δάκρυα
859 403 915 456 δέ,
935 402 1063 445 ὁπόσα
1089 404 1198 461 αὐτῷ
1223 404 1401 457 κινήσεις
1421 403 1574 458 μέλλων

200 473 400 532 ἀπαίρειν,
426 471 525 528 δρᾶν
550 472 670 514 δοκῶ.
695 471 1021 525 παραμυθείσθω
1053 468 1187 524 μέντοι
1218 471 1344 528 τούτῳ
1375 485 1418 525 γε
1449 470 1574 512 αὑτὸν

197 542 251 597 τῷ
271 540 394 582 πάλιν
419 539 499 582 ὑπὸ
525 537 590 580 σοὶ
613 538 688 591 τὴν
710 534 921 594 Ἀρμενίαν
947 537 1042 587 ἴσως
1067 535 1119 577 ἂν
1149 535 1340 591 γενέσθαι
1371 536 1467 590 μετὰ
1493 538 1574 590 μεί-

197 608 313 657 ζονος
336 612 408 648 τοῦ
433 605 643 660 σχήματος.
677 604 718 646 τὸ
749 604 1000 659 παράδειγμα
1025 601 1069 644 δὲ
1094 602 1279 658 ἐγγύθεν.
1317 607 1400 653 τοῖς
1425 603 1500 660 γὰρ
1525 604 1574 645 τὰ
1612 617 1629 644 ⁶

198 672 341 715 ἐλάττω
366 675 495 721 καλῶς
520 671 619 725 ὑμῖν
654 670 873 729 διῳκηκόσι
894 671 1049 723 ·μείζων
1081 669 1209 719 εὐθὺς
1243 669 1368 724 ἀρχή,
1400 671 1443 712 τὸ
1476 671 1574 714 αὐτὸ

197 738 313 795 γέρας
337 755 376 780 τε
401 737 468 780 καὶ
493 738 628 787 πόνος.
667 740 704 779 5.
732 736 844 778 ταυτὶ
870 735 942 791 μὲν
975 730 1051 778 οὖν
1076 737 1205 790 τελοίη
1232 736 1350 790 θεός,
1372 734 1574 797 Ὀλυμπίῳ

199 805 241 848 δὲ
267 805 391 861 φράζε
421 809 589 860 θαρρεῖν
621 803 675 853 ὡς
708 803 850 859 ε’μοῦγε
881 802 950 844 καὶ
980 809 1052 844 τοῦ
1084 803 1244 843 δικαίου
1276 803 1392 857 χάριν
1422 803 1490 845 καὶ
1516 805 1576 846 ὅτι

197 871 247 914 σὺ
272 872 442 922 κελεύεις
466 870 623 920 ἕξοντος
648 870 692 911 ἐν
717 870 866 928 μεγάλῃ
891 870 1062 926 προνοίᾳ
1087 868 1136 910 τὰ
1160 876 1241 911 τῶν
1267 868 1379 911 νέων.

854 1013 925 1056 σο’.
1503 1024 1554 1061 W
1579 1028 1650 1061 273

689 1097 940 1158 Ὀλυμπίῳ.
975 1110 1084 1154 (358)
1596 1119 1630 1145 11

263 1191 300 1227 1.
338 1186 551 1237 Τεύξονται
585 1186 750 1226 πάντων
787 1192 867 1226 τῶν
903 1186 1073 1226 δικαίων
1112 1185 1156 1226 οῖ
1189 1184 1252 1227 σοὶ
1294 1185 1436 1234 παῖδες
1477 1182 1575 1241 παρ’

199 1251 335 1307 ἡμῶν,
366 1259 525 1308 πρῶτον
557 1251 630 1306 μὲν
661 1248 747 1293 κατ’
771 1251 869 1292 αὐτὸ
904 1251 946 1293 τὸ
978 1258 1050 1292 τοῦ
1088 1252 1249 1293 δικαίου
1284 1251 1402 1305 μέρος
1435 1252 1502 1293 καὶ
1534 1252 1578 1294 τὸ

201 1320 286 1361 δεῖν
311 1319 416 1361 οὕτω
442 1323 573 1360 ποιεῖν
598 1318 668 1360 τόν
691 1334 735 1373 γε
761 1317 811 1359 οὐ
837 1318 1020 1372 πονηρὸν
1038 1316 1232 1372 ἡγεμόνα·
1260 1315 1391 1360 ἔπειθ’
1416 1319 1476 1361 ὅτι
1500 1334 1578 1360 πα-

200 1389 366 1440 ρακαλεῖ
385 1384 457 1439 μὲν
482 1383 581 1440 ὑπὲρ
608 1386 742 1427 αὐτῶν
768 1385 996 1440 Εὐθήριος,
1021 1379 1094 1440 ἦγε
1120 1384 1163 1427 δὲ
1188 1385 1337 1435 αὐτοὺς
1363 1385 1576 1439 Νεμέσιος,
1597 1395 1631 1423 1⁵

201 1450 222 1492 ὁ
248 1450 320 1505 μὲν
345 1450 479 1506 ἅρχων
503 1449 677 1507 ἄριστος,
703 1449 724 1492 ὅ
752 1449 795 1492 δὲ
821 1451 952 1506 ῥήτωρ
978 1450 1113 1508 ἄκρος,
1138 1450 1182 1501 ὃς
1201 1452 1243 1493 εἷ’
1261 1467 1329 1506 μοι
1348 1451 1414 1493 καὶ
1435 1453 1578 1507 δυσμε-

199 1525 298 1568 νοῦς
327 1518 527 1574 ἐνεχείριζε
558 1518 726 1571 παῖδας,
757 1513 869 1559 εἶδον
899 1516 950 1558 ἂν
986 1516 1040 1567 ὡς
1071 1519 1194 1570 φίλου
1225 1519 1373 1567 παῖδας
1405 1518 1473 1559 καὶ
1504 1519 1579 1572 τὴν

200 1584 418 1639 ἀπέχθειαν
439 1583 556 1636 ἀφεὶς
569 1583 749 1639 ἠγάπων.
778 1587 816 1625 2.
843 1584 902 1634 τίς
922 1581 961 1625 δ’
984 1584 1059 1626 οὐκ
1084 1583 1135 1625 ἂν
1155 1585 1364 1639 αἰδεσθείη
1390 1585 1433 1626 τὸ
1453 1586 1574 1639 πρόσ-

201 1666 327 1704 ωπον,
352 1651 426 1704 τὴν
452 1651 610 1703 φωνήν,
635 1651 710 1704 τὴν
735 1650 871 1705 σιγήν;
899 1649 975 1705 ἐγὼ
995 1649 1068 1704 μὲν
1094 1651 1169 1693 οὐκ
1187 1647 1298 1692 εἶδον
1318 1650 1447 1706 ἄνδρα
1473 1653 1578 1694 οὕτω

205 1719 300 1772 μετὰ
325 1725 395 1759 τοῦ
422 1724 566 1772 καιροῦ
591 1718 722 1758 πάντα
746 1724 954 1759 ποιοῦντα.
978 1717 1047 1759 καὶ
1065 1719 1304 1770 θαυμαστὸν
1330 1717 1452 1760 οὐδὲν
1476 1715 1580 1761 εἶναι
1599 1730 1633 1756 8⁰

204 1790 386 1826 τοιοῦτον
413 1783 508 1825 ὄντα
529 1779 750 1839 Ἀρμένιον.
778 1780 861 1825 οἶδε
885 1783 960 1839 γὰρ
992 1782 1017 1837 ἡ
1050 1783 1215 1839 ὑμετέρα
1249 1784 1386 1840 φέρειν
1417 1785 1580 1841 ἀνδρῶν

278 1899 321 1930 10
357 1895 422 1935 VH
446 1894 495 1939 α’,
521 1894 613 1943 σνβ’.
647 1895 704 1931 Va
728 1894 774 1941 γ’,
802 1894 869 1941 ξη’.
904 1895 958 1931 Vo
983 1893 1029 1941 γ’,
1055 1895 1099 1941 ξη

277 2007 297 2039 7
324 2003 371 2040 cf.
391 2014 449 2049 ep.
471 2006 553 2039 270.
580 2003 698 2039 Seeck
725 2007 795 2039 225
873 2008 914 2039 11
944 2002 990 2039 cf.
1013 2014 1070 2047 ep.
1093 2006 1172 2040 269.
1202 2003 1349 2040 Sievers
1374 2008 1457 2050 210,
1472 2008 1504 2041 8.

205 2052 324 2089 Seeck
350 2056 432 2089 225.
459 2055 541 2089 376.
569 2051 738 2088 Silomon
763 2055 808 2087 47
874 2055 918 2088 15
946 2051 1065 2088 Seeck
1093 2055 1161 2088 150
1184 2053 1189 2099 Ι
1213 2052 1259 2089 cf.
1280 2063 1338 2099 ep.
1360 2056 1430 2089 269

280 2165 298 2197 1
325 2161 391 2196 καὶ
415 2160 558 2197 inserui
583 2171 603 2196 e
628 2160 737 2196 libris
772 2172 834 2197 om
853 2159 963 2196 Wolf
1020 2164 1042 2195 2
1069 2159 1105 2197 δ’
1138 2162 1183 2198 Vi
1205 2163 1210 2207 Ι
1233 2163 1301 2197 aut
1325 2160 1494 2206 μέλλοντι
1513 2164 1581 2198 aut

206 2207 327 2245 ὁπόσα
354 2220 412 2245 σοι
438 2207 553 2251 αὐτὸς
578 2209 723 2254 κινήσει
749 2209 890 2255 μέλλων
916 2208 1096 2254 ἀπαίρειν
1122 2209 1207 2245 coni
1236 2210 1289 2245 Re
1316 2212 1357 2245 ab
1375 2210 1580 2246 Eutherius

205 2257 432 2303 magiam-atu
452 2257 624 2293 abiem-us
639 2260 722 2294 erat
772 2261 914 2294 3τοῦτο
926 2258 971 2293 Vi
992 2259 998 2303 Ι
1021 2257 1279 2295 αὐτὸνῐῙῩαδ
1294 2259 1341 2295 Vi
1389 2262 1410 2293 4
1424 2257 1466 2295 τὸ
1478 2259 1580 2342 ῘῙΫΉ

205 2306 319 2342 πάλιν
338 2306 490 2352 reposui
516 2317 536 2341 e
562 2306 670 2342 libris
690 2307 733 2341 ut
746 2305 831 2342 coni
854 2306 906 2342 Re
927 2305 1072 2342 Sievers
1094 2310 1176 2351 210,
1191 2309 1212 2341 8
1250 2306 1370 2343 πάλαι
1389 2307 1498 2343 Wolf
1513 2319 1552 2343 se

207 2370 288 2395 corr
307 2359 393 2395 Add
419 2363 486 2396 861
512 2362 517 2404 Ι
541 2358 725 2406 ἁρμενίαν
755 2361 788 2397 V
808 2358 995 2404 ὄῖρμενίαν
1022 2361 1074 2396 Vo
1134 2365 1155 2396 5
1176 2360 1327 2397 ἐκεῖθεν
1354 2362 1400 2397 Vi
1465 2365 1485 2396 6
1513 2377 1580 2398 κα-

206 2409 277 2450 λῶς
301 2407 390 2451 ὑμῖν
417 2411 536 2449 καλῶς
555 2409 584 2445 S
604 2409 609 2457 1
632 2411 756 2454 μεῖζον
784 2409 877 2445 Vas
950 2414 970 2443 9
997 2409 1054 2456 ἐν]
1074 2408 1187 2457 χάριν
1207 2409 1295 2446 SVi
1316 2412 1322 2453 Ι
1350 2409 1410 2457 τὰ]
1434 2416 1478 2456 τῆ
1499 2411 1582 2447 SVi

257 2459 300 2491 13
326 2456 415 2502 ἡμῖν
441 2456 572 2504 Wolf!
595 2455 760 2494 καταυτὸ
787 2458 844 2494 Va
919 2461 963 2493 15
991 2453 1081 2503 ἦγεν
1116 2458 1171 2494 Va
1269 2461 1313 2492 21
1335 2457 1578 2507 ἁρμε-’νιονῘῘΙ

209 2502 288 2540 οἶδε
316 2506 368 2541 Vo
393 2506 459 2541 sed
481 2518 498 2542 ε
524 2517 569 2541 ex
595 2519 619 2541 α
647 2517 730 2541 corr
749 2505 805 2540 m²
843 2502 948 2542 οἶδεν
977 2506 1032 2543 Va
1052 2507 1059 2552 Ι
1081 2505 1104 2551 ἡ
1131 2507 1167 2542 V
1188 2506 1256 2542 sed
1281 2520 1304 2552 η
1332 2517 1414 2542 corr
1439 2507 1497 2542 m⁶
