<?xml version="1.0" encoding="UTF-8"?>
<!DOCTYPE html PUBLIC "-//W3C//DTD XHTML 1.0 Transitional//EN"
    "http://www.w3.org/TR/xhtml1/DTD/xhtml1-transitional.dtd">
<html xmlns="http://www.w3.org/1999/xhtml" xml:lang="en" lang="en">
 <head>
  <title>
</title>
<meta http-equiv="Content-Type" content="text/html;charset=utf-8" />
  <meta name='ocr-system' content='tesseract 3.04.00' />
  <meta name='ocr-capabilities' content='ocr_page ocr_carea ocr_par ocr_line ocrx_word'/>
</head>
<body>
  <div class='ocr_page' id='page_1' title='image "./operarecensuitri10libauoft_0081.png"; bbox 0 0 1806 2964; ppageno 0'>
   <div class='ocr_carea' id='block_1_1' title="bbox 638 212 1560 257">
    <p class='ocr_par' dir='ltr' id='par_1_1' title="bbox 638 212 1560 257">
     <span class='ocr_line' id='line_1_1' title="bbox 638 212 1560 257; baseline 0.009 -8"><span class='ocrx_word' id='word_1_1' title='bbox 638 213 907 250; x_wconf 77' lang='lat' dir='ltr'><strong>EPISTULAE</strong></span> <span class='ocrx_word' id='word_1_2' title='bbox 935 218 980 250; x_wconf 77' lang='lat'><strong><em>68</em></strong></span> <span class='ocrx_word' id='word_1_3' title='bbox 989 218 1078 249; x_wconf 64' lang='lat'><strong><em>--69</em></strong></span> <span class='ocrx_word' id='word_1_4' title='bbox 1218 212 1221 214; x_wconf 82' lang='grc'><strong>’</strong></span> <span class='ocrx_word' id='word_1_5' title='bbox 1503 214 1560 257; x_wconf 85' lang='grc'><strong><em>69</em></strong></span> 
     </span>
    </p>
   </div>
   <div class='ocr_carea' id='block_1_2' title="bbox 179 327 1616 651">
    <p class='ocr_par' dir='ltr' id='par_1_2' title="bbox 179 327 1616 651">
     <span class='ocr_line' id='line_1_2' title="bbox 180 327 1560 382; baseline -0.002 -11"><span class='ocrx_word' id='word_1_6' title='bbox 180 346 250 371; x_wconf 80' lang='grc' dir='ltr'><strong><em>τον</em></strong></span> <span class='ocrx_word' id='word_1_7' title='bbox 282 332 468 382; x_wconf 80' lang='grc' dir='ltr'><strong><em>Σευῆρον</em></strong></span> <span class='ocrx_word' id='word_1_8' title='bbox 502 332 642 369; x_wconf 83' lang='grc' dir='ltr'><em>πεῖσον</em></span> <span class='ocrx_word' id='word_1_9' title='bbox 667 328 804 375; x_wconf 79' lang='grc' dir='ltr'><strong><em>αὐτόν,</em></strong></span> <span class='ocrx_word' id='word_1_10' title='bbox 831 327 885 377; x_wconf 83' lang='grc' dir='ltr'><strong><em>ὡς</em></strong></span> <span class='ocrx_word' id='word_1_11' title='bbox 909 327 974 369; x_wconf 74' lang='grc' dir='ltr'><strong><em>καὶ</em></strong></span> <span class='ocrx_word' id='word_1_12' title='bbox 1008 328 1143 382; x_wconf 82' lang='grc' dir='ltr'><strong><em>πόρρω</em></strong></span> <span class='ocrx_word' id='word_1_13' title='bbox 1177 329 1404 381; x_wconf 78' lang='grc' dir='ltr'><strong><em>καθήμενοι</em></strong></span> <span class='ocrx_word' id='word_1_14' title='bbox 1437 329 1560 369; x_wconf 79' lang='grc' dir='ltr'><strong><em>δυνά-</em></strong></span> 
     </span>
     <span class='ocr_line' id='line_1_3' title="bbox 182 393 1560 452; baseline -0.001 -15"><span class='ocrx_word' id='word_1_15' title='bbox 182 400 289 448; x_wconf 81' lang='grc' dir='ltr'><strong><em>μεθα</em></strong></span> <span class='ocrx_word' id='word_1_16' title='bbox 307 395 481 451; x_wconf 79' lang='grc' dir='ltr'><strong><em>ἐγγύθεν</em></strong></span> <span class='ocrx_word' id='word_1_17' title='bbox 499 393 739 447; x_wconf 84' lang='grc' dir='ltr'><strong><em>ἀμύνεσθαι.</em></strong></span> <span class='ocrx_word' id='word_1_18' title='bbox 772 394 839 436; x_wconf 78' lang='grc' dir='ltr'><strong><em>καὶ</em></strong></span> <span class='ocrx_word' id='word_1_19' title='bbox 859 394 934 450; x_wconf 86' lang='grc' dir='ltr'><strong><em>γὰρ</em></strong></span> <span class='ocrx_word' id='word_1_20' title='bbox 954 395 992 435; x_wconf 84' lang='grc' dir='ltr'><strong><em>εἰ</em></strong></span> <span class='ocrx_word' id='word_1_21' title='bbox 1007 397 1167 436; x_wconf 78' lang='grc' dir='ltr'><em>πολλῶν</em></span> <span class='ocrx_word' id='word_1_22' title='bbox 1186 394 1351 452; x_wconf 78' lang='grc' dir='ltr'><strong><em>ἐπιμελῇ</em></strong></span> <span class='ocrx_word' id='word_1_23' title='bbox 1378 396 1560 449; x_wconf 78' lang='grc' dir='ltr'><strong><em>πραγμά-</em></strong></span> 
     </span>
     <span class='ocr_line' id='line_1_4' title="bbox 180 459 1561 516; baseline -0.001 -13"><span class='ocrx_word' id='word_1_24' title='bbox 180 479 275 514; x_wconf 74' lang='grc' dir='ltr'><strong><em>των,</em></strong></span> <span class='ocrx_word' id='word_1_25' title='bbox 300 461 425 503; x_wconf 79' lang='grc' dir='ltr'><strong><em>πολλὰ</em></strong></span> <span class='ocrx_word' id='word_1_26' title='bbox 451 461 527 516; x_wconf 80' lang='grc' dir='ltr'><strong><em>γὰρ</em></strong></span> <span class='ocrx_word' id='word_1_27' title='bbox 552 461 598 501; x_wconf 77' lang='grc' dir='ltr'><strong><em>τὰ</em></strong></span> <span class='ocrx_word' id='word_1_28' title='bbox 625 467 696 514; x_wconf 82' lang='grc' dir='ltr'><strong><em>τῆς</em></strong></span> <span class='ocrx_word' id='word_1_29' title='bbox 721 461 893 512; x_wconf 70' lang='grc' dir='ltr'><strong><em>πόλεως,</em></strong></span> <span class='ocrx_word' id='word_1_30' title='bbox 928 462 978 502; x_wconf 88' lang='grc' dir='ltr'><strong><em>σὺ</em></strong></span> <span class='ocrx_word' id='word_1_31' title='bbox 1011 459 1054 502; x_wconf 82' lang='grc' dir='ltr'><strong><em>δὲ</em></strong></span> <span class='ocrx_word' id='word_1_32' title='bbox 1086 461 1242 514; x_wconf 76' lang='grc' dir='ltr'><strong><em>ἐκείνης</em></strong></span> <span class='ocrx_word' id='word_1_33' title='bbox 1268 460 1289 503; x_wconf 83' lang='grc' dir='ltr'>ὁ</span> <span class='ocrx_word' id='word_1_34' title='bbox 1317 461 1469 514; x_wconf 81' lang='grc' dir='ltr'><strong><em>φύλαξ,</em></strong></span> <span class='ocrx_word' id='word_1_35' title='bbox 1494 462 1561 502; x_wconf 81' lang='grc' dir='ltr'><strong><em>καὶ</em></strong></span> 
     </span>
     <span class='ocr_line' id='line_1_5' title="bbox 180 527 1562 583; baseline -0.001 -14"><span class='ocrx_word' id='word_1_36' title='bbox 180 535 296 571; x_wconf 79' lang='grc' dir='ltr'><strong><em>τοῦτο</em></strong></span> <span class='ocrx_word' id='word_1_37' title='bbox 334 527 502 580; x_wconf 87' lang='grc' dir='ltr'><strong><em>νόμισον</em></strong></span> <span class='ocrx_word' id='word_1_38' title='bbox 539 534 618 568; x_wconf 83' lang='grc' dir='ltr'><strong><em>τῶν</em></strong></span> <span class='ocrx_word' id='word_1_39' title='bbox 654 527 784 583; x_wconf 63' lang='grc' dir='ltr'><strong><em>ἐκείνῃ</em></strong></span> <span class='ocrx_word' id='word_1_40' title='bbox 822 528 1111 581; x_wconf 84' lang='grc' dir='ltr'><strong><em>συμφερόντων</em></strong></span> <span class='ocrx_word' id='word_1_41' title='bbox 1148 528 1190 568; x_wconf 83' lang='grc' dir='ltr'><strong><em>τὸ</em></strong></span> <span class='ocrx_word' id='word_1_42' title='bbox 1229 528 1324 576; x_wconf 80' lang='grc' dir='ltr'><strong><em>τοὺς</em></strong></span> <span class='ocrx_word' id='word_1_43' title='bbox 1355 528 1562 582; x_wconf 79' lang='grc' dir='ltr'><strong><em>πονηροὺς</em></strong></span> 
     </span>
     <span class='ocr_line' id='line_1_6' title="bbox 179 594 1616 651; baseline 0.001 -15"><span class='ocrx_word' id='word_1_44' title='bbox 179 595 407 636; x_wconf 63' lang='grc' dir='ltr'><strong><em>κωλύεσθαι</em></strong></span> <span class='ocrx_word' id='word_1_45' title='bbox 433 598 604 648; x_wconf 76' lang='grc' dir='ltr'><strong><em>χρῆσθαι</em></strong></span> <span class='ocrx_word' id='word_1_46' title='bbox 633 600 680 651; x_wconf 82' lang='grc' dir='ltr'><strong><em>τῇ</em></strong></span> <span class='ocrx_word' id='word_1_47' title='bbox 708 594 837 646; x_wconf 80' lang='grc' dir='ltr'><strong><em>φύσει.</em></strong></span> <span class='ocrx_word' id='word_1_48' title='bbox 1600 611 1616 637; x_wconf 79' lang='lat'><strong>5</strong></span> 
     </span>
    </p>
   </div>
   <div class='ocr_carea' id='block_1_3' title="bbox 687 787 1632 932">
    <p class='ocr_par' dir='ltr' id='par_1_3' title="bbox 687 787 1632 932">
     <span class='ocr_line' id='line_1_7' title="bbox 831 787 1632 840; baseline 0.002 -10"><span class='ocrx_word' id='word_1_49' title='bbox 831 787 896 840; x_wconf 76' lang='grc' dir='ltr'><strong><em>ξθ’</em></strong></span> <span class='ocrx_word' id='word_1_50' title='bbox 1513 797 1561 831; x_wconf 89' lang='lat' dir='ltr'>W</span> <span class='ocrx_word' id='word_1_51' title='bbox 1588 801 1632 832; x_wconf 78' lang='lat'><strong><em>67</em></strong></span> 
     </span>
     <span class='ocr_line' id='line_1_8' title="bbox 687 873 1050 932; baseline 0.003 -17"><span class='ocrx_word' id='word_1_52' title='bbox 687 873 828 929; x_wconf 77' lang='grc' dir='ltr'><strong><em>Ὑγιει</em></strong></span> <span class='ocrx_word' id='word_1_53' title='bbox 839 880 907 932; x_wconf 80' lang='grc' dir='ltr'><strong><em>νῷ.</em></strong></span> <span class='ocrx_word' id='word_1_54' title='bbox 943 881 1050 923; x_wconf 80' lang='grc'><strong><em>(359)</em></strong></span> 
     </span>
    </p>
   </div>
   <div class='ocr_carea' id='block_1_4' title="bbox 176 958 1615 1547">
    <p class='ocr_par' dir='ltr' id='par_1_4' title="bbox 176 958 1615 1547">
     <span class='ocr_line' id='line_1_9' title="bbox 242 958 1560 1019; baseline 0.002 -20"><span class='ocrx_word' id='word_1_55' title='bbox 242 963 277 999; x_wconf 91' lang='grc'><strong><em>1.</em></strong></span> <span class='ocrx_word' id='word_1_56' title='bbox 315 958 448 1001; x_wconf 76' lang='grc' dir='ltr'><strong><em>Οὐδὲν</em></strong></span> <span class='ocrx_word' id='word_1_57' title='bbox 479 958 631 999; x_wconf 75' lang='grc' dir='ltr'><strong><em>ἄτοπον</em></strong></span> <span class='ocrx_word' id='word_1_58' title='bbox 663 958 763 1013; x_wconf 79' lang='grc' dir='ltr'><strong><em>ὑπὲρ</em></strong></span> <span class='ocrx_word' id='word_1_59' title='bbox 795 959 1021 1015; x_wconf 74' lang='grc' dir='ltr'><strong><em>ἀγρυπνίας</em></strong></span> <span class='ocrx_word' id='word_1_60' title='bbox 1057 961 1177 1019; x_wconf 78' lang='grc' dir='ltr'><strong><em>ἰατρῷ</em></strong></span> <span class='ocrx_word' id='word_1_61' title='bbox 1211 961 1468 1016; x_wconf 76' lang='grc' dir='ltr'><strong><em>διαλέγεσθαι</em></strong></span> <span class='ocrx_word' id='word_1_62' title='bbox 1501 963 1560 1001; x_wconf 82' lang='grc' dir='ltr'><strong><em>δι-</em></strong></span> 
     </span>
     <span class='ocr_line' id='line_1_10' title="bbox 179 1022 1561 1081; baseline 0.001 -15"><span class='ocrx_word' id='word_1_63' title='bbox 179 1025 379 1066; x_wconf 80' lang='grc' dir='ltr'><strong><em>δάσκοντά</em></strong></span> <span class='ocrx_word' id='word_1_64' title='bbox 404 1042 442 1067; x_wconf 87' lang='grc' dir='ltr'><strong><em>τε</em></strong></span> <span class='ocrx_word' id='word_1_65' title='bbox 470 1025 544 1079; x_wconf 79' lang='grc' dir='ltr'><strong><em>τὴν</em></strong></span> <span class='ocrx_word' id='word_1_66' title='bbox 570 1022 639 1066; x_wconf 83' lang='grc' dir='ltr'><strong><em>ἀπ’</em></strong></span> <span class='ocrx_word' id='word_1_67' title='bbox 669 1026 825 1079; x_wconf 83' lang='grc' dir='ltr'><strong><em>ἐκείνης</em></strong></span> <span class='ocrx_word' id='word_1_68' title='bbox 849 1026 1026 1080; x_wconf 75' lang='grc' dir='ltr'><strong><em>ἀπορίαι)</em></strong></span> <span class='ocrx_word' id='word_1_69' title='bbox 1056 1028 1123 1069; x_wconf 82' lang='grc' dir='ltr'><strong><em>καὶ</em></strong></span> <span class='ocrx_word' id='word_1_70' title='bbox 1157 1028 1350 1080; x_wconf 83' lang='grc' dir='ltr'><strong><em>δεόμενον</em></strong></span> <span class='ocrx_word' id='word_1_71' title='bbox 1375 1029 1561 1081; x_wconf 83' lang='grc' dir='ltr'><strong><em>πράττειν</em></strong></span> 
     </span>
     <span class='ocr_line' id='line_1_11' title="bbox 178 1092 1615 1149; baseline 0.001 -17"><span class='ocrx_word' id='word_1_72' title='bbox 178 1092 287 1141; x_wconf 79' lang='grc' dir='ltr'><strong><em>ὅπως</em></strong></span> <span class='ocrx_word' id='word_1_73' title='bbox 321 1093 510 1145; x_wconf 83' lang='grc' dir='ltr'><strong><em>στήσεται.</em></strong></span> <span class='ocrx_word' id='word_1_74' title='bbox 551 1095 589 1133; x_wconf 82' lang='grc'><strong><em>2.</em></strong></span> <span class='ocrx_word' id='word_1_75' title='bbox 615 1093 685 1134; x_wconf 87' lang='grc' dir='ltr'><strong><em>τὸν</em></strong></span> <span class='ocrx_word' id='word_1_76' title='bbox 718 1094 858 1134; x_wconf 79' lang='grc' dir='ltr'><strong><em>τοίνυν</em></strong></span> <span class='ocrx_word' id='word_1_77' title='bbox 890 1095 1014 1135; x_wconf 82' lang='grc' dir='ltr'><strong><em>καλὸν</em></strong></span> <span class='ocrx_word' id='word_1_78' title='bbox 1047 1093 1146 1147; x_wconf 77' lang='grc' dir='ltr'><strong><em>ἡμῖν</em></strong></span> <span class='ocrx_word' id='word_1_79' title='bbox 1179 1095 1266 1136; x_wconf 83' lang='grc' dir='ltr'><strong><em>ἴσθι</em></strong></span> <span class='ocrx_word' id='word_1_80' title='bbox 1301 1095 1559 1149; x_wconf 79' lang='grc' dir='ltr'><strong><em>Κλεόβουλον</em></strong></span> <span class='ocrx_word' id='word_1_81' title='bbox 1582 1109 1615 1134; x_wconf 86' lang='grc' dir='ltr'><strong><em>ιο</em></strong></span> 
     </span>
     <span class='ocr_line' id='line_1_12' title="bbox 179 1157 1560 1216; baseline 0.002 -17"><span class='ocrx_word' id='word_1_82' title='bbox 179 1160 319 1208; x_wconf 80' lang='grc' dir='ltr'><strong><em>δεινῶς</em></strong></span> <span class='ocrx_word' id='word_1_83' title='bbox 345 1158 575 1213; x_wconf 82' lang='grc' dir='ltr'><strong><em>ἀγρυπνεῖν.</em></strong></span> <span class='ocrx_word' id='word_1_84' title='bbox 615 1159 658 1200; x_wconf 88' lang='grc' dir='ltr'><strong><em>τὸ</em></strong></span> <span class='ocrx_word' id='word_1_85' title='bbox 685 1158 727 1200; x_wconf 83' lang='grc' dir='ltr'><strong><em>δὲ</em></strong></span> <span class='ocrx_word' id='word_1_86' title='bbox 754 1161 884 1202; x_wconf 79' lang='grc' dir='ltr'><strong><em>αἴτιον</em></strong></span> <span class='ocrx_word' id='word_1_87' title='bbox 920 1162 970 1202; x_wconf 80' lang='grc' dir='ltr'><strong><em>οὐ</em></strong></span> <span class='ocrx_word' id='word_1_88' title='bbox 1001 1162 1171 1215; x_wconf 87' lang='grc' dir='ltr'><strong><em>πυρετὸς</em></strong></span> <span class='ocrx_word' id='word_1_89' title='bbox 1205 1157 1298 1203; x_wconf 80' lang='grc' dir='ltr'><strong><em>οὐδ’</em></strong></span> <span class='ocrx_word' id='word_1_90' title='bbox 1328 1162 1471 1216; x_wconf 82' lang='grc' dir='ltr'><strong><em>ἴλιγγοι</em></strong></span> <span class='ocrx_word' id='word_1_91' title='bbox 1497 1177 1560 1202; x_wconf 75' lang='grc' dir='ltr'><strong><em>κε-</em></strong></span> 
     </span>
     <span class='ocr_line' id='line_1_13' title="bbox 178 1224 1561 1281; baseline 0.002 -16"><span class='ocrx_word' id='word_1_92' title='bbox 178 1228 311 1279; x_wconf 79' lang='grc' dir='ltr'><strong><em>φαλῆς</em></strong></span> <span class='ocrx_word' id='word_1_93' title='bbox 336 1225 431 1267; x_wconf 80' lang='grc' dir='ltr'><strong><em>οὐδὲ</em></strong></span> <span class='ocrx_word' id='word_1_94' title='bbox 456 1225 549 1278; x_wconf 76' lang='grc' dir='ltr'><em>ἕλκη</em></span> <span class='ocrx_word' id='word_1_95' title='bbox 577 1224 800 1280; x_wconf 79' lang='grc' dir='ltr'><strong><em>παρέχοντα</em></strong></span> <span class='ocrx_word' id='word_1_96' title='bbox 825 1228 1001 1280; x_wconf 79' lang='grc' dir='ltr'><strong><em>κίνησιν,</em></strong></span> <span class='ocrx_word' id='word_1_97' title='bbox 1027 1227 1124 1269; x_wconf 81' lang='grc' dir='ltr'><em>ἀλλὰ</em></span> <span class='ocrx_word' id='word_1_98' title='bbox 1146 1229 1285 1269; x_wconf 81' lang='grc' dir='ltr'><strong><em>δάκνει</em></strong></span> <span class='ocrx_word' id='word_1_99' title='bbox 1311 1228 1383 1269; x_wconf 82' lang='grc' dir='ltr'><strong><em>τὸν</em></strong></span> <span class='ocrx_word' id='word_1_100' title='bbox 1402 1228 1561 1281; x_wconf 80' lang='grc' dir='ltr'><strong><em>ἑταῖρον</em></strong></span> 
     </span>
     <span class='ocr_line' id='line_1_14' title="bbox 176 1291 1559 1349; baseline 0.001 -16"><span class='ocrx_word' id='word_1_101' title='bbox 176 1295 360 1346; x_wconf 80' lang='grc' dir='ltr'><strong><em>Σευῆρος</em></strong></span> <span class='ocrx_word' id='word_1_102' title='bbox 403 1291 445 1333; x_wconf 79' lang='grc' dir='ltr'><strong><em>ἔκ</em></strong></span> <span class='ocrx_word' id='word_1_103' title='bbox 490 1299 569 1334; x_wconf 84' lang='grc' dir='ltr'><strong><em>τῶν</em></strong></span> <span class='ocrx_word' id='word_1_104' title='bbox 614 1295 854 1346; x_wconf 82' lang='grc' dir='ltr'><strong><em>στρωμάτων</em></strong></span> <span class='ocrx_word' id='word_1_105' title='bbox 892 1293 960 1335; x_wconf 82' lang='grc' dir='ltr'><strong><em>καὶ</em></strong></span> <span class='ocrx_word' id='word_1_106' title='bbox 998 1301 1122 1336; x_wconf 87' lang='grc' dir='ltr'><strong><em>ταῦτα</em></strong></span> <span class='ocrx_word' id='word_1_107' title='bbox 1159 1301 1352 1336; x_wconf 80' lang='grc' dir='ltr'><strong><em>τοσοῦτον</em></strong></span> <span class='ocrx_word' id='word_1_108' title='bbox 1390 1294 1559 1349; x_wconf 84' lang='grc' dir='ltr'><strong><em>ἀπέχων.</em></strong></span> 
     </span>
     <span class='ocr_line' id='line_1_15' title="bbox 179 1355 1559 1414; baseline 0.003 -16"><span class='ocrx_word' id='word_1_109' title='bbox 179 1361 218 1399; x_wconf 88' lang='grc'><strong><em>3.</em></strong></span> <span class='ocrx_word' id='word_1_110' title='bbox 243 1359 382 1409; x_wconf 80' lang='grc' dir='ltr'><strong><em>καινός</em></strong></span> <span class='ocrx_word' id='word_1_111' title='bbox 407 1375 450 1414; x_wconf 86' lang='grc' dir='ltr'><strong><em>γε</em></strong></span> <span class='ocrx_word' id='word_1_112' title='bbox 483 1355 602 1409; x_wconf 85' lang='grc' dir='ltr'><strong><em>οὗτος</em></strong></span> <span class='ocrx_word' id='word_1_113' title='bbox 636 1358 658 1399; x_wconf 82' lang='grc' dir='ltr'>ὁ</span> <span class='ocrx_word' id='word_1_114' title='bbox 690 1360 820 1412; x_wconf 83' lang='grc' dir='ltr'><strong><em>κόρις.</em></strong></span> <span class='ocrx_word' id='word_1_115' title='bbox 852 1358 941 1401; x_wconf 81' lang='grc' dir='ltr'><strong><em>ἀλλ’</em></strong></span> <span class='ocrx_word' id='word_1_116' title='bbox 971 1362 1052 1402; x_wconf 80' lang='grc' dir='ltr'><strong><em>ἔστι</em></strong></span> <span class='ocrx_word' id='word_1_117' title='bbox 1083 1361 1151 1403; x_wconf 82' lang='grc' dir='ltr'><strong><em>καὶ</em></strong></span> <span class='ocrx_word' id='word_1_118' title='bbox 1184 1362 1330 1414; x_wconf 83' lang='grc' dir='ltr'><strong><em>ταύτης</em></strong></span> <span class='ocrx_word' id='word_1_119' title='bbox 1363 1362 1469 1414; x_wconf 80' lang='grc' dir='ltr'><strong><em>παρὰ</em></strong></span> <span class='ocrx_word' id='word_1_120' title='bbox 1497 1362 1559 1403; x_wconf 84' lang='grc' dir='ltr'><strong><em>σοὶ</em></strong></span> 
     </span>
     <span class='ocr_line' id='line_1_16' title="bbox 177 1425 1614 1483; baseline 0.001 -17"><span class='ocrx_word' id='word_1_121' title='bbox 177 1432 248 1480; x_wconf 80' lang='grc' dir='ltr'><strong><em>τῆς</em></strong></span> <span class='ocrx_word' id='word_1_122' title='bbox 273 1425 499 1480; x_wconf 74' lang='grc' dir='ltr'><strong><em>ἀγρυπνίας</em></strong></span> <span class='ocrx_word' id='word_1_123' title='bbox 531 1426 770 1480; x_wconf 82' lang='grc' dir='ltr'><strong><em>φάρμακον·</em></strong></span> <span class='ocrx_word' id='word_1_124' title='bbox 803 1428 869 1468; x_wconf 79' lang='grc' dir='ltr'><strong><em>διὰ</em></strong></span> <span class='ocrx_word' id='word_1_125' title='bbox 903 1428 978 1482; x_wconf 83' lang='grc' dir='ltr'><strong><em>γὰρ</em></strong></span> <span class='ocrx_word' id='word_1_126' title='bbox 1013 1435 1085 1469; x_wconf 83' lang='grc' dir='ltr'><strong><em>τοῦ</em></strong></span> <span class='ocrx_word' id='word_1_127' title='bbox 1115 1430 1306 1483; x_wconf 75' lang='grc' dir='ltr'><strong><em>γενναίου</em></strong></span> <span class='ocrx_word' id='word_1_128' title='bbox 1345 1429 1559 1481; x_wconf 87' lang='grc' dir='ltr'><strong><em>Θεμιστίου</em></strong></span> <span class='ocrx_word' id='word_1_129' title='bbox 1581 1442 1614 1468; x_wconf 76' lang='lat'><strong><em>15</em></strong></span> 
     </span>
     <span class='ocr_line' id='line_1_17' title="bbox 176 1493 1132 1547; baseline 0.002 -14"><span class='ocrx_word' id='word_1_130' title='bbox 176 1493 350 1534; x_wconf 81' lang='grc' dir='ltr'><strong><em>δύνασαι</em></strong></span> <span class='ocrx_word' id='word_1_131' title='bbox 374 1500 528 1534; x_wconf 83' lang='grc' dir='ltr'><strong><em>παῦσαι</em></strong></span> <span class='ocrx_word' id='word_1_132' title='bbox 552 1493 622 1535; x_wconf 90' lang='grc' dir='ltr'><strong><em>τὸν</em></strong></span> <span class='ocrx_word' id='word_1_133' title='bbox 648 1496 835 1547; x_wconf 76' lang='grc' dir='ltr'><strong><em>Σευῆρον</em></strong></span> <span class='ocrx_word' id='word_1_134' title='bbox 860 1501 932 1536; x_wconf 88' lang='grc' dir='ltr'><strong><em>τοῦ</em></strong></span> <span class='ocrx_word' id='word_1_135' title='bbox 959 1495 1132 1536; x_wconf 80' lang='grc' dir='ltr'><strong><em>δάκνειν.</em></strong></span> 
     </span>
    </p>
   </div>
   <div class='ocr_carea' id='block_1_5' title="bbox 180 1589 465 1596">
    <p class='ocr_par' dir='ltr' id='par_1_5' title="bbox 180 1589 465 1596">
     <span class='ocr_line' id='line_1_18' title="bbox 180 1589 465 1596; baseline 0 1368"><span class='ocrx_word' id='word_1_136' title='bbox 180 1589 465 1596; x_wconf 95' lang='lat' dir='ltr'><strong><em> </em></strong></span> 
     </span>
    </p>
   </div>
   <div class='ocr_carea' id='block_1_6' title="bbox 254 1646 1322 1696">
    <p class='ocr_par' dir='ltr' id='par_1_6' title="bbox 254 1646 1322 1696">
     <span class='ocr_line' id='line_1_19' title="bbox 254 1646 1322 1696; baseline 0.002 -14"><span class='ocrx_word' id='word_1_137' title='bbox 254 1651 275 1682; x_wconf 84' lang='grc'><strong>6</strong></span> <span class='ocrx_word' id='word_1_138' title='bbox 309 1647 358 1687; x_wconf 77' lang='lat' dir='ltr'><strong><em>VJ</em></strong></span> <span class='ocrx_word' id='word_1_139' title='bbox 378 1647 428 1691; x_wconf 84' lang='grc' dir='ltr'><strong><em>α’,</em></strong></span> <span class='ocrx_word' id='word_1_140' title='bbox 454 1662 486 1684; x_wconf 91' lang='grc' dir='ltr'><strong><em>ν.</em></strong></span> <span class='ocrx_word' id='word_1_141' title='bbox 522 1649 575 1686; x_wconf 86' lang='lat' dir='ltr'><strong><em>Vo</em></strong></span> <span class='ocrx_word' id='word_1_142' title='bbox 601 1663 638 1691; x_wconf 89' lang='grc' dir='ltr'><strong><em>α,</em></strong></span> <span class='ocrx_word' id='word_1_143' title='bbox 666 1662 717 1685; x_wconf 80' lang='grc' dir='ltr'><strong><em>νε.</em></strong></span> <span class='ocrx_word' id='word_1_144' title='bbox 744 1650 774 1686; x_wconf 85' lang='lat' dir='ltr'><strong><em>S</em></strong></span> <span class='ocrx_word' id='word_1_145' title='bbox 797 1646 845 1692; x_wconf 83' lang='grc' dir='ltr'><strong><em>δ’,</em></strong></span> <span class='ocrx_word' id='word_1_146' title='bbox 873 1662 920 1689; x_wconf 85' lang='grc' dir='ltr'><strong><em>ις.</em></strong></span> <span class='ocrx_word' id='word_1_147' title='bbox 949 1650 1005 1684; x_wconf 79' lang='lat' dir='ltr'><strong><em>Be</em></strong></span> <span class='ocrx_word' id='word_1_148' title='bbox 1032 1648 1109 1696; x_wconf 31' lang='grc' dir='ltr'><strong><em>[βλ]</em></strong></span> <span class='ocrx_word' id='word_1_149' title='bbox 1139 1649 1247 1696; x_wconf 64' lang='grc' dir='ltr'><strong><em>Βςζ.</em></strong></span> <span class='ocrx_word' id='word_1_150' title='bbox 1277 1661 1322 1695; x_wconf 84' lang='lat' dir='ltr'><strong><em>pr</em></strong></span> 
     </span>
    </p>
   </div>
   <div class='ocr_carea' id='block_1_7' title="bbox 177 1734 465 1741">
    <p class='ocr_par' dir='ltr' id='par_1_7' title="bbox 177 1734 465 1741">
     <span class='ocr_line' id='line_1_20' title="bbox 177 1734 465 1741; baseline 0 1223"><span class='ocrx_word' id='word_1_151' title='bbox 177 1734 465 1741; x_wconf 95' lang='lat' dir='ltr'><strong><em> </em></strong></span> 
     </span>
    </p>
   </div>
   <div class='ocr_carea' id='block_1_8' title="bbox 176 1793 1556 1937">
    <p class='ocr_par' dir='ltr' id='par_1_8' title="bbox 176 1793 1556 1937">
     <span class='ocr_line' id='line_1_21' title="bbox 253 1793 1556 1839; baseline 0.002 -12"><span class='ocrx_word' id='word_1_152' title='bbox 253 1797 269 1827; x_wconf 85' lang='lat'>1</span> <span class='ocrx_word' id='word_1_153' title='bbox 297 1793 344 1828; x_wconf 83' lang='lat' dir='ltr'><strong><em>cf.</em></strong></span> <span class='ocrx_word' id='word_1_154' title='bbox 366 1804 424 1839; x_wconf 80' lang='lat' dir='ltr'><strong><em>ep.</em></strong></span> <span class='ocrx_word' id='word_1_155' title='bbox 446 1797 502 1829; x_wconf 84' lang='grc'><strong><em>69.</em></strong></span> <span class='ocrx_word' id='word_1_156' title='bbox 531 1793 650 1830; x_wconf 82' lang='lat' dir='ltr'>Seeck</span> <span class='ocrx_word' id='word_1_157' title='bbox 676 1798 746 1831; x_wconf 77' lang='lat'><strong><em>276</em></strong></span> <span class='ocrx_word' id='word_1_158' title='bbox 769 1794 850 1830; x_wconf 87' lang='lat' dir='ltr'><strong>VIII</strong></span> <span class='ocrx_word' id='word_1_159' title='bbox 949 1799 967 1830; x_wconf 88' lang='grc'><strong>7</strong></span> <span class='ocrx_word' id='word_1_160' title='bbox 996 1795 1144 1830; x_wconf 77' lang='lat' dir='ltr'>Sievers</span> <span class='ocrx_word' id='word_1_161' title='bbox 1171 1798 1217 1830; x_wconf 80' lang='lat'><strong><em>84</em></strong></span> <span class='ocrx_word' id='word_1_162' title='bbox 1244 1797 1322 1831; x_wconf 72' lang='lat' dir='ltr'><strong>not.</strong></span> <span class='ocrx_word' id='word_1_163' title='bbox 1344 1799 1401 1831; x_wconf 75' lang='lat'><strong><em>85.</em></strong></span> <span class='ocrx_word' id='word_1_164' title='bbox 1437 1795 1556 1831; x_wconf 83' lang='lat' dir='ltr'><strong>Seeck</strong></span> 
     </span>
     <span class='ocr_line' id='line_1_22' title="bbox 178 1841 1555 1891; baseline 0.002 -15"><span class='ocrx_word' id='word_1_165' title='bbox 178 1844 257 1877; x_wconf 90' lang='grc'><strong>180.</strong></span> <span class='ocrx_word' id='word_1_166' title='bbox 284 1844 365 1878; x_wconf 81' lang='grc'><strong>358.</strong></span> <span class='ocrx_word' id='word_1_167' title='bbox 394 1841 563 1878; x_wconf 87' lang='lat' dir='ltr'>Silomon</span> <span class='ocrx_word' id='word_1_168' title='bbox 589 1846 635 1878; x_wconf 84' lang='lat'><strong><em>30</em></strong></span> <span class='ocrx_word' id='word_1_169' title='bbox 716 1846 761 1879; x_wconf 89' lang='grc'><strong><em>10</em></strong></span> <span class='ocrx_word' id='word_1_170' title='bbox 787 1843 833 1879; x_wconf 88' lang='lat' dir='ltr'><strong><em>cf.</em></strong></span> <span class='ocrx_word' id='word_1_171' title='bbox 856 1856 915 1890; x_wconf 81' lang='lat' dir='ltr'><strong><em>ep.</em></strong></span> <span class='ocrx_word' id='word_1_172' title='bbox 938 1847 984 1879; x_wconf 82' lang='lat'><strong><em>68</em></strong></span> <span class='ocrx_word' id='word_1_173' title='bbox 1068 1847 1111 1879; x_wconf 82' lang='lat'><strong><em>12</em></strong></span> <span class='ocrx_word' id='word_1_174' title='bbox 1138 1843 1253 1879; x_wconf 78' lang='lat' dir='ltr'>Arist.</span> <span class='ocrx_word' id='word_1_175' title='bbox 1281 1843 1381 1879; x_wconf 85' lang='lat' dir='ltr'><strong>Nub.</strong></span> <span class='ocrx_word' id='word_1_176' title='bbox 1406 1847 1449 1879; x_wconf 81' lang='lat'><strong><em>12</em></strong></span> <span class='ocrx_word' id='word_1_177' title='bbox 1466 1855 1521 1889; x_wconf 78' lang='lat' dir='ltr'><strong><em>sq.</em></strong></span> <span class='ocrx_word' id='word_1_178' title='bbox 1551 1844 1555 1891; x_wconf 67' lang='grc' dir='ltr'>ἶ</span> 
     </span>
     <span class='ocr_line' id='line_1_23' title="bbox 176 1889 715 1937; baseline 0.006 -12"><span class='ocrx_word' id='word_1_179' title='bbox 176 1889 222 1925; x_wconf 82' lang='lat' dir='ltr'><strong><em>cf.</em></strong></span> <span class='ocrx_word' id='word_1_180' title='bbox 244 1900 303 1936; x_wconf 82' lang='lat' dir='ltr'><strong><em>ep.</em></strong></span> <span class='ocrx_word' id='word_1_181' title='bbox 325 1893 371 1926; x_wconf 82' lang='lat'><strong><em>68</em></strong></span> <span class='ocrx_word' id='word_1_182' title='bbox 450 1895 492 1926; x_wconf 80' lang='lat'><strong><em>15</em></strong></span> <span class='ocrx_word' id='word_1_183' title='bbox 519 1890 566 1927; x_wconf 81' lang='lat' dir='ltr'><strong><em>ef.</em></strong></span> <span class='ocrx_word' id='word_1_184' title='bbox 588 1902 646 1937; x_wconf 77' lang='lat' dir='ltr'><strong><em>ep.</em></strong></span> <span class='ocrx_word' id='word_1_185' title='bbox 669 1895 715 1928; x_wconf 83' lang='lat'><strong><em>68</em></strong></span> 
     </span>
    </p>
   </div>
   <div class='ocr_carea' id='block_1_9' title="bbox 179 1978 463 1984">
    <p class='ocr_par' dir='ltr' id='par_1_9' title="bbox 179 1978 463 1984">
     <span class='ocr_line' id='line_1_24' title="bbox 179 1978 463 1984; baseline 0 0"><span class='ocrx_word' id='word_1_186' title='bbox 179 1978 463 1984; x_wconf 95' lang='lat' dir='ltr'><strong><em> </em></strong></span> 
     </span>
    </p>
   </div>
   <div class='ocr_carea' id='block_1_10' title="bbox 171 2037 1560 2422">
    <p class='ocr_par' dir='ltr' id='par_1_10' title="bbox 171 2037 1560 2422">
     <span class='ocr_line' id='line_1_25' title="bbox 251 2037 1558 2084; baseline 0.003 -13"><span class='ocrx_word' id='word_1_187' title='bbox 251 2040 268 2071; x_wconf 91' lang='lat'>1</span> <span class='ocrx_word' id='word_1_188' title='bbox 297 2037 458 2084; x_wconf 81' lang='grc' dir='ltr'><strong><em>σεβῆρον</em></strong></span> <span class='ocrx_word' id='word_1_189' title='bbox 480 2037 590 2073; x_wconf 73' lang='lat' dir='ltr'><strong><em>ViBe</em></strong></span> <span class='ocrx_word' id='word_1_190' title='bbox 612 2040 618 2083; x_wconf 86' lang='grc' dir='ltr'>Ι</span> <span class='ocrx_word' id='word_1_191' title='bbox 639 2038 705 2073; x_wconf 79' lang='grc' dir='ltr'><strong><em>καὶ</em></strong></span> <span class='ocrx_word' id='word_1_192' title='bbox 724 2037 867 2074; x_wconf 80' lang='lat' dir='ltr'>inserui</span> <span class='ocrx_word' id='word_1_193' title='bbox 888 2049 909 2074; x_wconf 82' lang='lat' dir='ltr'>e</span> <span class='ocrx_word' id='word_1_194' title='bbox 928 2039 962 2074; x_wconf 92' lang='lat' dir='ltr'><strong><em>V</em></strong></span> <span class='ocrx_word' id='word_1_195' title='bbox 983 2038 1049 2074; x_wconf 79' lang='lat' dir='ltr'><strong><em>sed</em></strong></span> <span class='ocrx_word' id='word_1_196' title='bbox 1069 2038 1171 2074; x_wconf 75' lang='lat' dir='ltr'><strong>inser</strong></span> <span class='ocrx_word' id='word_1_197' title='bbox 1189 2038 1257 2083; x_wconf 77' lang='lat' dir='ltr'>m‘&#39;’‚</span> <span class='ocrx_word' id='word_1_198' title='bbox 1284 2039 1313 2075; x_wconf 84' lang='lat' dir='ltr'><strong><em>S</em></strong></span> <span class='ocrx_word' id='word_1_199' title='bbox 1325 2039 1365 2074; x_wconf 76' lang='lat' dir='ltr'><strong><em>Vt</em></strong></span> <span class='ocrx_word' id='word_1_200' title='bbox 1416 2049 1475 2074; x_wconf 91' lang='lat' dir='ltr'><strong><em>om</em></strong></span> <span class='ocrx_word' id='word_1_201' title='bbox 1508 2040 1558 2076; x_wconf 85' lang='lat' dir='ltr'><strong><em>Vo</em></strong></span> 
     </span>
     <span class='ocr_line' id='line_1_26' title="bbox 176 2083 1557 2133; baseline 0.003 -14"><span class='ocrx_word' id='word_1_202' title='bbox 176 2085 233 2120; x_wconf 88' lang='lat' dir='ltr'><strong><em>Be</em></strong></span> <span class='ocrx_word' id='word_1_203' title='bbox 258 2083 333 2120; x_wconf 83' lang='lat' dir='ltr'><strong><em>edd</em></strong></span> <span class='ocrx_word' id='word_1_204' title='bbox 402 2089 423 2121; x_wconf 85' lang='lat'>2</span> <span class='ocrx_word' id='word_1_205' title='bbox 449 2085 674 2131; x_wconf 82' lang='grc' dir='ltr'><strong><em>ἀμύνασθαι</em></strong></span> <span class='ocrx_word' id='word_1_206' title='bbox 699 2086 729 2123; x_wconf 88' lang='lat' dir='ltr'><strong><em>S</em></strong></span> <span class='ocrx_word' id='word_1_207' title='bbox 801 2090 821 2121; x_wconf 85' lang='grc'>3</span> <span class='ocrx_word' id='word_1_208' title='bbox 849 2086 921 2133; x_wconf 78' lang='grc' dir='ltr'><strong><em>γὰρ</em></strong></span> <span class='ocrx_word' id='word_1_209' title='bbox 947 2097 1010 2123; x_wconf 87' lang='lat' dir='ltr'><strong><em>om</em></strong></span> <span class='ocrx_word' id='word_1_210' title='bbox 1044 2087 1090 2123; x_wconf 83' lang='lat' dir='ltr'><strong><em>Vi</em></strong></span> <span class='ocrx_word' id='word_1_211' title='bbox 1111 2089 1117 2131; x_wconf 86' lang='grc'><strong>1</strong></span> <span class='ocrx_word' id='word_1_212' title='bbox 1141 2086 1263 2124; x_wconf 76' lang='grc' dir='ltr'><strong><em>ἐκεῖνο</em></strong></span> <span class='ocrx_word' id='word_1_213' title='bbox 1289 2086 1319 2123; x_wconf 79' lang='lat' dir='ltr'><strong><em>S</em></strong></span> <span class='ocrx_word' id='word_1_214' title='bbox 1391 2091 1413 2122; x_wconf 81' lang='lat'>4</span> <span class='ocrx_word' id='word_1_215' title='bbox 1437 2085 1480 2124; x_wconf 85' lang='grc' dir='ltr'><strong><em>τὸ</em></strong></span> <span class='ocrx_word' id='word_1_216' title='bbox 1500 2099 1557 2123; x_wconf 81' lang='lat' dir='ltr'><strong><em>re-</em></strong></span> 
     </span>
     <span class='ocr_line' id='line_1_27' title="bbox 175 2131 1557 2181; baseline 0.003 -13"><span class='ocrx_word' id='word_1_217' title='bbox 175 2131 286 2178; x_wconf 74' lang='lat' dir='ltr'>posui</span> <span class='ocrx_word' id='word_1_218' title='bbox 312 2143 333 2169; x_wconf 81' lang='lat' dir='ltr'><strong>e</strong></span> <span class='ocrx_word' id='word_1_219' title='bbox 358 2132 467 2169; x_wconf 80' lang='lat' dir='ltr'>libris</span> <span class='ocrx_word' id='word_1_220' title='bbox 511 2134 578 2170; x_wconf 78' lang='grc' dir='ltr'><strong><em>καὶ</em></strong></span> <span class='ocrx_word' id='word_1_221' title='bbox 603 2133 679 2170; x_wconf 80' lang='lat' dir='ltr'><strong><em>edd</em></strong></span> <span class='ocrx_word' id='word_1_222' title='bbox 766 2138 785 2170; x_wconf 80' lang='lat'>7</span> <span class='ocrx_word' id='word_1_223' title='bbox 813 2135 965 2181; x_wconf 73' lang='grc' dir='ltr'><strong><em>ὑγιεινῶ</em></strong></span> <span class='ocrx_word' id='word_1_224' title='bbox 1000 2135 1035 2171; x_wconf 87' lang='lat' dir='ltr'><strong><em>V</em></strong></span> <span class='ocrx_word' id='word_1_225' title='bbox 1056 2135 1122 2171; x_wconf 76' lang='lat' dir='ltr'><strong><em>sed</em></strong></span> <span class='ocrx_word' id='word_1_226' title='bbox 1149 2146 1194 2171; x_wconf 83' lang='lat' dir='ltr'><strong><em>ex</em></strong></span> <span class='ocrx_word' id='word_1_227' title='bbox 1220 2133 1338 2181; x_wconf 78' lang='grc' dir='ltr'><strong><em>ὑγί(ει’</em></strong></span> <span class='ocrx_word' id='word_1_228' title='bbox 1352 2136 1383 2181; x_wconf 69' lang='grc'><strong><em>’2)</em></strong></span> <span class='ocrx_word' id='word_1_229' title='bbox 1394 2150 1447 2172; x_wconf 75' lang='lat' dir='ltr'><strong><em>vm</em></strong></span> <span class='ocrx_word' id='word_1_230' title='bbox 1474 2147 1557 2172; x_wconf 86' lang='lat' dir='ltr'><strong>corr</strong></span> 
     </span>
     <span class='ocr_line' id='line_1_28' title="bbox 173 2179 1556 2230; baseline 0.003 -14"><span class='ocrx_word' id='word_1_231' title='bbox 173 2180 232 2216; x_wconf 80' lang='lat' dir='ltr'><strong><em>m⁸</em></strong></span> <span class='ocrx_word' id='word_1_232' title='bbox 249 2179 367 2227; x_wconf 78' lang='grc' dir='ltr'><strong><em>ὑγίνω</em></strong></span> <span class='ocrx_word' id='word_1_233' title='bbox 382 2182 438 2219; x_wconf 79' lang='lat' dir='ltr'><strong><em>Be</em></strong></span> <span class='ocrx_word' id='word_1_234' title='bbox 457 2182 503 2218; x_wconf 88' lang='lat' dir='ltr'><strong><em>cf.</em></strong></span> <span class='ocrx_word' id='word_1_235' title='bbox 518 2193 577 2229; x_wconf 81' lang='lat' dir='ltr'><strong><em>ep.</em></strong></span> <span class='ocrx_word' id='word_1_236' title='bbox 593 2185 650 2218; x_wconf 79' lang='lat'><strong><em>78.</em></strong></span> <span class='ocrx_word' id='word_1_237' title='bbox 666 2187 736 2218; x_wconf 79' lang='lat'><strong><em>393</em></strong></span> <span class='ocrx_word' id='word_1_238' title='bbox 787 2187 809 2219; x_wconf 83' lang='lat'>8</span> <span class='ocrx_word' id='word_1_239' title='bbox 831 2183 963 2226; x_wconf 85' lang='grc' dir='ltr'><strong><em>ἰατρὸν</em></strong></span> <span class='ocrx_word' id='word_1_240' title='bbox 982 2182 1078 2228; x_wconf 79' lang='grc' dir='ltr'><strong><em>ὑπὲρ</em></strong></span> <span class='ocrx_word' id='word_1_241' title='bbox 1098 2182 1313 2230; x_wconf 78' lang='grc' dir='ltr'><strong><em>ἀγρυπνίας</em></strong></span> <span class='ocrx_word' id='word_1_242' title='bbox 1339 2184 1380 2220; x_wconf 91' lang='lat' dir='ltr'><em>D</em></span> <span class='ocrx_word' id='word_1_243' title='bbox 1430 2189 1451 2219; x_wconf 86' lang='grc'><strong>9</strong></span> <span class='ocrx_word' id='word_1_244' title='bbox 1479 2183 1556 2221; x_wconf 84' lang='grc' dir='ltr'><strong><em>ἀπὸ</em></strong></span> 
     </span>
     <span class='ocr_line' id='line_1_29' title="bbox 171 2228 1553 2278; baseline 0.004 -14"><span class='ocrx_word' id='word_1_245' title='bbox 171 2228 310 2275; x_wconf 71' lang='grc' dir='ltr'><strong><em>ταύτης</em></strong></span> <span class='ocrx_word' id='word_1_246' title='bbox 335 2228 444 2266; x_wconf 86' lang='lat' dir='ltr'>Wolf</span> <span class='ocrx_word' id='word_1_247' title='bbox 467 2231 473 2276; x_wconf 92' lang='grc' dir='ltr'>Ι</span> <span class='ocrx_word' id='word_1_248' title='bbox 502 2229 675 2276; x_wconf 79' lang='grc' dir='ltr'><strong><em>ἀπορίαν</em></strong></span> <span class='ocrx_word' id='word_1_249' title='bbox 709 2232 762 2269; x_wconf 89' lang='lat' dir='ltr'><strong><em>Vo</em></strong></span> <span class='ocrx_word' id='word_1_250' title='bbox 795 2231 862 2267; x_wconf 83' lang='lat' dir='ltr'><strong><em>sed</em></strong></span> <span class='ocrx_word' id='word_1_251' title='bbox 896 2231 1076 2277; x_wconf 77' lang='grc' dir='ltr'><strong><em>ἐπήρειαν</em></strong></span> <span class='ocrx_word' id='word_1_252' title='bbox 1109 2243 1284 2278; x_wconf 79' lang='lat' dir='ltr'>suprascr</span> <span class='ocrx_word' id='word_1_253' title='bbox 1307 2232 1365 2267; x_wconf 78' lang='lat' dir='ltr'><strong><em>m⁴</em></strong></span> <span class='ocrx_word' id='word_1_254' title='bbox 1442 2237 1483 2268; x_wconf 93' lang='lat'><strong><em>11</em></strong></span> <span class='ocrx_word' id='word_1_255' title='bbox 1513 2231 1553 2269; x_wconf 74' lang='grc' dir='ltr'><strong><em>δ’</em></strong></span> 
     </span>
     <span class='ocr_line' id='line_1_30' title="bbox 180 2277 1560 2328; baseline 0.004 -15"><span class='ocrx_word' id='word_1_256' title='bbox 180 2277 251 2314; x_wconf 56' lang='lat' dir='ltr'><strong><em>VS&gt;</em></strong></span> <span class='ocrx_word' id='word_1_257' title='bbox 270 2277 379 2314; x_wconf 88' lang='lat' dir='ltr'>Wolf</span> <span class='ocrx_word' id='word_1_258' title='bbox 451 2282 494 2315; x_wconf 78' lang='lat'><strong><em>12</em></strong></span> <span class='ocrx_word' id='word_1_259' title='bbox 521 2280 609 2326; x_wconf 75' lang='lat' dir='ltr'>post</span> <span class='ocrx_word' id='word_1_260' title='bbox 633 2279 722 2326; x_wconf 68' lang='grc' dir='ltr'><strong><em>ἕλκη</em></strong></span> <span class='ocrx_word' id='word_1_261' title='bbox 747 2290 810 2316; x_wconf 80' lang='lat' dir='ltr'><strong><em>ras</em></strong></span> <span class='ocrx_word' id='word_1_262' title='bbox 845 2286 863 2316; x_wconf 94' lang='lat'><strong>1</strong></span> <span class='ocrx_word' id='word_1_263' title='bbox 890 2279 951 2316; x_wconf 79' lang='lat' dir='ltr'><strong><em>vel</em></strong></span> <span class='ocrx_word' id='word_1_264' title='bbox 984 2284 1005 2315; x_wconf 87' lang='lat'>2</span> <span class='ocrx_word' id='word_1_265' title='bbox 1037 2279 1102 2316; x_wconf 81' lang='lat' dir='ltr'><strong>litt</strong></span> <span class='ocrx_word' id='word_1_266' title='bbox 1134 2281 1187 2317; x_wconf 84' lang='lat' dir='ltr'><strong><em>Vo</em></strong></span> <span class='ocrx_word' id='word_1_267' title='bbox 1264 2284 1307 2316; x_wconf 78' lang='lat'><strong><em>18</em></strong></span> <span class='ocrx_word' id='word_1_268' title='bbox 1334 2281 1493 2328; x_wconf 78' lang='grc' dir='ltr'><strong><em>σεβῆρος</em></strong></span> <span class='ocrx_word' id='word_1_269' title='bbox 1526 2282 1560 2318; x_wconf 89' lang='lat' dir='ltr'><strong><em>V</em></strong></span> 
     </span>
     <span class='ocr_line' id='line_1_31' title="bbox 176 2325 1554 2378; baseline 0.004 -17"><span class='ocrx_word' id='word_1_270' title='bbox 176 2326 243 2362; x_wconf 79' lang='lat' dir='ltr'><strong><em>sed</em></strong></span> <span class='ocrx_word' id='word_1_271' title='bbox 269 2337 290 2363; x_wconf 83' lang='lat' dir='ltr'>e</span> <span class='ocrx_word' id='word_1_272' title='bbox 316 2325 474 2374; x_wconf 77' lang='grc' dir='ltr'><strong><em>σέβηρος</em></strong></span> <span class='ocrx_word' id='word_1_273' title='bbox 499 2338 582 2364; x_wconf 85' lang='lat' dir='ltr'><strong>con·</strong></span> <span class='ocrx_word' id='word_1_274' title='bbox 607 2328 676 2374; x_wconf 85' lang='lat' dir='ltr'><strong><em>m⁴‚</em></strong></span> <span class='ocrx_word' id='word_1_275' title='bbox 702 2329 810 2365; x_wconf 86' lang='lat' dir='ltr'><strong><em>BeD</em></strong></span> <span class='ocrx_word' id='word_1_276' title='bbox 880 2333 924 2365; x_wconf 80' lang='lat'><strong><em>14</em></strong></span> <span class='ocrx_word' id='word_1_277' title='bbox 950 2328 1066 2372; x_wconf 75' lang='grc' dir='ltr'><strong><em>κόρυς</em></strong></span> <span class='ocrx_word' id='word_1_278' title='bbox 1100 2329 1234 2366; x_wconf 83' lang='lat' dir='ltr'><strong><em>VoSD</em></strong></span> <span class='ocrx_word' id='word_1_279' title='bbox 1259 2341 1305 2375; x_wconf 82' lang='lat' dir='ltr'><strong><em>pr</em></strong></span> <span class='ocrx_word' id='word_1_280' title='bbox 1378 2332 1421 2364; x_wconf 82' lang='lat'><strong><em>16</em></strong></span> <span class='ocrx_word' id='word_1_281' title='bbox 1448 2331 1554 2378; x_wconf 80' lang='grc' dir='ltr'><strong><em>σεβῆ-</em></strong></span> 
     </span>
     <span class='ocr_line' id='line_1_32' title="bbox 177 2374 805 2422; baseline 0.003 -11"><span class='ocrx_word' id='word_1_282' title='bbox 177 2387 245 2418; x_wconf 76' lang='grc' dir='ltr'><strong><em>ρον</em></strong></span> <span class='ocrx_word' id='word_1_283' title='bbox 278 2374 313 2411; x_wconf 88' lang='lat' dir='ltr'><strong><em>V</em></strong></span> <span class='ocrx_word' id='word_1_284' title='bbox 333 2375 428 2411; x_wconf 75' lang='lat' dir='ltr'><strong><em>sod·</em></strong></span> <span class='ocrx_word' id='word_1_285' title='bbox 451 2375 490 2410; x_wconf 89' lang='lat' dir='ltr'><strong><em>in</em></strong></span> <span class='ocrx_word' id='word_1_286' title='bbox 517 2386 577 2414; x_wconf 76' lang='lat' dir='ltr'><strong><em>ras</em></strong></span> <span class='ocrx_word' id='word_1_287' title='bbox 603 2377 671 2422; x_wconf 59' lang='grc' dir='ltr'><strong><em>ωδ,</em></strong></span> <span class='ocrx_word' id='word_1_288' title='bbox 699 2376 805 2413; x_wconf 87' lang='lat' dir='ltr'><strong><em>BeD</em></strong></span> 
     </span>
    </p>
   </div>
  </div>
 </body>
</html>
