1806 2964
618 212 888 250 EPISTULAE
915 215 1106 249 471—473
1212 207 1215 209 ’
1455 211 1544 254 453

175 330 302 381 ζητῶν
330 327 401 381 οὐχ
428 326 527 381 ὁρῶ,
552 326 658 379 πλὴν
684 326 721 367 εἰ
743 325 787 366 τὸ
812 329 866 381 τῷ
892 325 1069 378 μνήματι
1092 327 1358 379 προσκεῖσθαι
1382 324 1545 365 πάντων

172 407 215 435 σε
239 399 319 435 τῶν
338 392 470 435 ἄλλων
488 392 692 446 ἀφίστησι.
731 395 770 433 2.
790 393 920 432 καίτοι
937 390 1005 431 καὶ
1023 386 1110 431 κατ’
1133 390 1229 432 αὐτό
1250 406 1292 445 γε
1310 396 1427 432 τοῦτο
1446 396 1547 444 χρῆν

171 473 215 502 σε
245 459 460 501 ἐπιστεῖλαι
493 458 734 500 διδάσκοντά
766 473 813 511 με
838 458 913 511 τὴν
938 463 1008 510 τῆς
1039 457 1231 511 γυναικὸς
1262 455 1407 512 ἀρετὴν
1431 456 1546 510 νομί-

173 528 291 575 ζοντα
316 524 434 581 μέρος
459 521 562 567 εἶναι
587 530 657 578 τῆς
683 524 740 574 εἰς
765 523 923 577 ἐκείνην
947 530 1065 578 τιμῆς
1089 523 1159 564 τὸν
1185 524 1315 578 λόγον.
1351 529 1400 580 τῇ
1426 520 1468 563 δὲ
1493 517 1548 575 ἦν

173 592 226 634 ἂν
250 593 394 646 μείζων
420 590 442 634 ὁ
466 591 616 645 κόσμος
648 585 765 640 οὗτος
796 585 855 631 ὧν
879 595 957 630 νῦν
988 593 1130 640 ποιεῖς.
1180 592 1220 631 3.
1251 588 1342 645 περὶ
1374 587 1446 643 μὲν
1471 583 1546 630 οὖν
1585 602 1601 628 5

176 659 322 701 τούτου
341 658 504 713 πράξεις
523 657 546 699 ὅ
564 673 601 698 τι
625 655 678 698 ἅν
696 668 762 698 σοι
786 657 982 709 φαίνηται
1005 654 1175 710 βέλτιον,
1199 654 1316 710 ἡμεῖς
1340 654 1383 697 δὲ
1407 654 1433 696 ἃ
1451 659 1547 696 πλα·

173 725 339 779 σάμενοι
363 728 497 766 νοσεῖν
523 722 742 777 ἀνέστημεν
766 722 939 775 ἐκεῖθεν,
963 723 1057 780 τῇδε
1088 728 1299 775 νοσοῦμεν.
1349 721 1446 763 ὥστε
1471 721 1549 777 πρὸ

173 798 246 833 τοῦ
282 789 355 844 μὲν
389 790 720 845 ἕδυσχεραίνομεν
752 788 878 830 τόπον
912 788 1021 841 τινά,
1054 794 1132 830 νῦν
1167 787 1210 830 δὲ
1248 788 1346 830 αὐτὸ
1383 788 1428 829 τὸ
1466 790 1550 842 ζῆν.

178 860 219 900 4.
243 856 345 912 πρὸς
369 856 445 912 γὰρ
470 861 526 913 τῷ
557 855 648 909 περὶ
672 855 746 908 τὴν
777 855 958 908 κεφαλὴν
989 858 1100 912 κακῷ
1130 858 1309 909 νεφρῖτις
1340 852 1446 908 ἡμᾶς
1476 869 1551 895 πο-

173 927 330 979 λιορκεῖ
346 929 425 964 νῦν
444 921 518 976 μὲν
537 922 808 976 σφοδρότερον
827 921 1092 975 ἐμβάλλουσα,
1117 928 1195 962 νῦν
1214 919 1257 962 δὲ
1276 918 1551 976 ἡσυχαίτερον,
1571 934 1606 959 ιο

177 991 339 1039 πάντως
370 987 414 1030 δέ
439 1005 475 1030 τι
506 992 700 1030 λυποῦσα.
749 986 817 1029 καὶ
847 987 978 1028 πάντα
1010 986 1083 1041 μὲν
1115 987 1370 1042 πανταχόθεν
1393 987 1452 1036 εἰς
1477 987 1552 1040 τὴν

180 1057 288 1097 ἴασιν
307 1055 516 1111 ἀγείρεται,
542 1059 682 1110 κρατεῖ
695 1052 737 1096 δὲ
756 1055 800 1096 τὸ
819 1053 959 1107 κακόν,
984 1053 1053 1095 καὶ
1079 1052 1100 1094 ὃ
1125 1054 1275 1109 νεφρὸς
1297 1051 1395 1107 ἡμῖν
1417 1053 1552 1107 ὅλμος,

178 1123 318 1177 φασίν,
344 1121 443 1177 ὑπὲρ
469 1124 657 1175 κεφαλῆς.
690 1116 776 1161 ἀλλ’
800 1120 908 1173 ὅμως
926 1121 1159 1174 πειρώμεθα
1178 1119 1234 1173 μὴ
1254 1127 1382 1175 σιγᾶν.
1417 1122 1454 1161 5.
1475 1136 1552 1174 μη-

175 1188 299 1242 νυτὴς
334 1188 378 1230 δέ
411 1200 475 1229 σοι
508 1186 576 1229 καὶ
607 1187 760 1229 τούτων
782 1185 989 1228 ,κάκείνων
1020 1186 1129 1228 ἔσται
1162 1185 1391 1241 Μητέριος,
1426 1185 1470 1236 ὃς
1503 1193 1552 1244 τῇ

176 1255 338 1309 πατρίδι
363 1253 436 1308 μὲν
462 1254 561 1309 ἔχων
586 1253 814 1295 ἀντιθεῖναι
845 1253 920 1307 τὴν
944 1251 1153 1309 ἡμετέραν,
1184 1257 1267 1302 τοῖς
1298 1254 1477 1303 πολίταις
1509 1250 1552 1294 δὲ
1572 1264 1607 1292 1⁵

175 1322 271 1371 τοὺς
304 1320 484 1362 ἐνταῦθα
520 1321 664 1373 φίλους
697 1320 778 1361 ὑπὸ
813 1326 887 1362 σοῦ
922 1320 1043 1360 πάλιν
1077 1319 1135 1369 εἰς
1166 1320 1371 1372 Βιθυνίαν
1405 1318 1554 1360 ἕλκεται

178 1387 416 1442 θαυμαστὸν
442 1387 567 1428 αὑτοῦ
592 1386 729 1428 πόθον
755 1385 1027 1442 ἐγκαταλιπὼν
1041 1386 1206 1441 Σύροις.
1238 1383 1265 1426 ἃ
1285 1382 1376 1439 μήτ’
1393 1385 1555 1440 ἀγνοεῖν

179 1454 224 1495 ἔα
247 1455 318 1496 τὸν
343 1454 572 1508 πρεσβύτην
598 1449 689 1507 μήτ’
712 1452 844 1494 εἰδότα
870 1451 1030 1508 ὀργίλον
1057 1448 1172 1494 εἶναι.

253 1570 298 1601 12
325 1565 528 1601 Salzmann
555 1568 599 1600 61
659 1568 703 1600 14
730 1563 777 1601 cf.
800 1575 857 1610 ep.
879 1567 960 1600 472.
980 1566 1063 1600 475.
1092 1562 1212 1599 Seeck
1239 1566 1308 1598 212
1361 1566 1404 1598 17
1426 1562 1472 1598 cf.
1495 1573 1553 1608 ep.

179 1617 251 1649 474
320 1617 366 1649 18
391 1612 594 1649 Meterium

181 1712 275 1747 audi
299 1710 421 1757 μέρος.
447 1711 594 1746 mallem
618 1713 743 1746 tamen
767 1708 838 1755 τὴν
862 1707 990 1746 αἰτίαν
1015 1709 1072 1746 vel
1094 1708 1137 1745 τὸ
1162 1712 1230 1754 τῆς
1255 1705 1400 1749 αἰτίας“
1427 1707 1483 1743 Re

182 1762 230 1794 20
261 1756 409 1805 ἐκόμισε
434 1758 497 1804 Va,¹
523 1757 589 1794 sed
617 1757 732 1804 suppl
763 1758 820 1793 m⁵
912 1761 957 1793 21
988 1756 1038 1803 μὴ
1064 1755 1100 1794 δ’
1134 1757 1187 1793 Va
1233 1758 1239 1802 1
1279 1738 1557 1797 &nemen-sliat,

179 1806 316 1854 fleripsi
339 1804 424 1842 ἀντ’
448 1805 653 1842 ἐπιστεῖλαι
681 1807 736 1843 Va
774 1804 977 1842 ἐπιστεῖλαι
1005 1805 1074 1842 VS
1086 1805 1187 1841 Vina
1213 1804 1286 1840 edd

256 1908 275 1940 1
304 1903 358 1944 εἰς
384 1903 441 1940 Va
503 1907 526 1938 4
551 1908 596 1950 τῇ
617 1901 659 1939 δὲ
679 1897 728 1948 ἦν
747 1900 796 1938 ἂν
816 1901 951 1948 scripsi
970 1906 1015 1947 τῆ
1037 1900 1079 1937 δὲ
1106 1902 1164 1938 Va
1199 1898 1242 1938 τὸ
1262 1901 1305 1937 δὲ
1325 1900 1359 1936 εἰ
1383 1900 1558 1937 VSVina

182 1951 301 1988 Lmb
326 1950 424 1987 Rich
461 1950 503 1987 τὸ
530 1951 571 1987 δὲ
599 1948 637 1987 οἷ
662 1950 771 1987 Wolf
795 1952 902 1995 „som
933 1949 1051 1997 ταύτῃ
1084 1948 1127 1986 δὲ
1160 1948 1218 1995 εἴη
1250 1947 1384 1995 μείζων
1416 1952 1484 1985 aut
1512 1948 1556 1984 τὸ

183 1999 226 2038 δὲ
253 1999 286 2037 εἰ
311 1997 470 2046 γένοιτο,
495 1996 650 2044 μείζων*
679 1998 734 2035 Re
812 2002 834 2034 ὂ
860 1994 971 2040 οὗτος
997 1997 1018 2035 ὁ
1043 1996 1184 2044 κόσμος
1208 1998 1293 2043 Val
1321 1994 1391 2033 οὖν
1417 2008 1479 2033 om
1500 1997 1558 2033 Va

233 2052 255 2085 6
281 2047 331 2085 ἄν
357 2058 417 2084 σοι
443 2045 630 2094 φαίνηται
654 2045 800 2094 βέλτιον
819 2046 954 2093 scripsi
978 2057 999 2082 e
1023 2047 1118 2084 VVa
1154 2057 1212 2082 σοι
1231 2044 1377 2092 βέλτιον
1396 2043 1445 2082 ἂν
1465 2043 1557 2090 φαί-

183 2110 296 2145 νηται
313 2097 343 2134 S
355 2096 455 2133 Vinci
474 2095 548 2132 edd
635 2099 653 2131 7
681 2108 755 2144 προ
774 2101 843 2132 τοῦ
861 2095 891 2132 S
903 2095 1004 2132 Vina
1022 2094 1141 2130 Lamb
1163 2094 1258 2130 Rich
1342 2097 1362 2130 9
1388 2091 1560 2140 νεφρῖτις

191 2144 392 2183 VaSVind
416 2143 491 2180 edd
541 2147 586 2179 12
595 2155 649 2190 sq.
665 2141 788 2190 ὅλμος,
807 2141 936 2190 φασίν,
956 2140 1052 2188 ὑπὲρ
1071 2145 1241 2188 κεφαλῆς
1260 2152 1330 2178 sua
1347 2140 1440 2178 fecit
1457 2141 1557 2178 Max.

183 2193 375 2230 planudes
400 2203 457 2239 ep.
486 2195 554 2228 119
586 2204 623 2238 p.
652 2195 734 2235 169,
753 2195 821 2228 109
855 2192 912 2228 ed.
940 2190 1039 2227 Trou
1073 2193 1080 2238 Ι
1120 2189 1231 2237 ὅλμος
1257 2189 1462 2227 VaSVind

187 2246 232 2279 15
255 2241 373 2286 πατρὶ
399 2241 434 2277 V
505 2244 549 2276 17
576 2241 693 2277 αὐτοῦ
718 2239 809 2276 libri
833 2239 908 2277 edd
942 2241 948 2287 Ι
981 2237 1111 2276 πόθον
1136 2238 1270 2285 scripsi
1294 2249 1315 2274 e
1343 2238 1438 2276 VVa
1475 2235 1559 2282 ‹plz-

185 2303 275 2336 τρον
300 2289 443 2327 SVind
468 2287 543 2324 edd
581 2290 588 2336 Ι
628 2287 719 2335 μήτε
744 2289 781 2325 V
851 2291 895 2324 18
922 2287 966 2324 ἔα
991 2287 1126 2334 scripsi
1150 2289 1195 2323 ut
1225 2286 1311 2324 coni
1336 2285 1445 2322 Wolf
1466 2285 1522 2322 Re

186 2338 231 2375 ἐᾶ
253 2337 318 2374 VS
330 2337 430 2375 Vimz
466 2336 603 2374 ἑαυτὸν
629 2338 686 2374 Va
712 2335 755 2386 ἒςῖ
782 2336 856 2372 edd
878 2337 884 2382 Ι
905 2333 973 2372 τὸν
998 2347 1060 2372 om
1086 2336 1144 2372 Va
