1806 2964
300 218 388 264 366
889 219 1071 256 ΜΒΑΝΠ

299 347 370 373 τον
388 331 579 385 Δομέτιος
605 330 678 385 μὲν
703 330 801 385 ἡμῖν
822 330 876 381 ὥς
894 331 969 374 οὐκ
989 331 1139 373 εἰδόσιν
1164 331 1354 385 ἐκόμιζεν,
1379 328 1467 385 εὗρε
1493 330 1536 372 δὲ
1560 332 1659 374 εἰδό-

299 414 370 447 τας
396 395 445 438 οὖ
469 401 602 451 χεῖρον
627 395 654 451 ἢ
685 396 707 439 ὁ
731 398 874 451 πατήρ.
924 397 1073 450 εἲποιμι
1099 394 1135 437 δ’
1165 396 1216 437 ἂν
1240 397 1362 438 αὐτὸν
1387 397 1454 438 καὶ
1485 397 1660 450 ἐμαυτοῦ

299 463 425 504 παῖδα
459 463 707 517 πολλαχόθεν
738 462 913 515 ἀδελφὸν
948 460 1043 503 ὄντα
1067 469 1147 504 τῶν
1176 462 1293 515 ἐμῶν.
1343 463 1478 516 ἀληθῆ
1513 478 1553 504 τε
1585 463 1662 518 γὰρ

297 527 377 580 ἐρῶ
401 527 467 569 καὶ
492 528 565 569 οὐκ
590 528 698 582 ἀηδῆ
729 530 931 586 Θεμιστίῳ.

227 690 275 726 W
302 694 372 726 880
940 680 1028 731 vog'.

264 783 280 810 ο
511 814 515 819 ,
777 767 1039 824 Θαλασσίῳ.
1079 771 1187 814 (358)

363 854 400 891 1.
424 846 527 905 Ἐγὼ
547 855 629 899 τοῖς
649 855 733 900 σοῖς
752 849 901 905 ἐγκαλῶ
920 848 993 904 μὲν
1018 849 1151 904 οὐδέν,
1176 850 1290 906 χάριν
1317 849 1359 892 δὲ
1383 847 1473 891 οἶδα
1498 851 1661 905 πολλήν.

300 915 350 956 οὐ
375 915 450 971 γὰρ
476 916 603 969 μόνον
628 911 685 957 ὧν
709 915 997 971 ε’πηγγέλλομεν
1022 915 1279 970 τυγχάνομεν,
1303 916 1398 957 ἀλλὰ
1424 915 1500 973 κᾶν
1520 917 1661 958 διαλεί-

299 996 436 1035 πωμεν
461 981 741 1035 ἐπιτάττοντες,
765 981 996 1022 ἀδικεῖσθαί
1018 993 1156 1035 φασιν,
1183 981 1242 1023 ὅτι
1266 980 1391 1035 μηδὲν
1409 981 1662 1038 ὑπηρετοῦσι.

247 1058 283 1085 10
304 1050 341 1087 2.
367 1045 410 1088 σὲ
435 1046 569 1100 μέντοι
592 1047 660 1088 καὶ
685 1048 728 1088 ot
749 1046 812 1088 σοὶ
842 1046 909 1088 καὶ
934 1047 1055 1096 αὐτὸς
1079 1048 1283 1102 αἰτιῶμαι,
1309 1048 1367 1089 ὅτι
1393 1047 1444 1101 δὴ
1468 1054 1540 1089 τοῦ
1565 1060 1660 1090 συν-

299 1116 403 1154 εῖναι
427 1111 494 1154 καὶ
518 1117 601 1162 τοῖς
632 1113 793 1163 οἰκείοις
817 1112 884 1153 καὶ
915 1117 997 1162 τοῖς
1028 1114 1160 1165 φίλοις
1190 1114 1380 1167 πρότερον
1403 1111 1505 1154 ἔθόυ
1537 1114 1660 1155 δυνά-

300 1179 403 1231 μεώς
436 1193 544 1227 τινος
584 1177 734 1220 ἐλπίδα.
784 1179 912 1219 καίτοι
946 1178 1072 1232 φασὶν
1109 1179 1183 1220 οὐκ
1217 1177 1347 1236 ἀργῶς
1384 1193 1426 1220 σε
1463 1183 1545 1228 τοῖς
1582 1178 1668 1222 ἐκεῖ

300 1243 608 1299 προσφέρεσθαι.
644 1243 739 1286 οὐδὲ
764 1243 839 1300 γὰρ
864 1244 921 1293 εἰς
945 1243 1091 1298 γέλωτα
1115 1243 1182 1285 καὶ
1207 1244 1414 1301 ῥᾳστώνην
1438 1244 1506 1285 καὶ
1529 1244 1660 1299 σκώμ-

302 1326 404 1362 ματα
428 1309 496 1351 καὶ
520 1309 653 1351 Ιὕπνον
678 1309 904 1351 ἀναλίσκειν
929 1309 999 1350 τὸν
1023 1308 1180 1363 χρόνον,
1212 1308 1310 1350 ἀλλὰ
1339 1309 1406 1350 καὶ
1431 1314 1571 1351 πονεῖν
1594 1309 1662 1351 καὶ

247 1389 280 1416 1⁵
300 1375 448 1428 νήφειν
472 1374 540 1417 καὶ
564 1374 724 1431 ἐνεργὸν
749 1372 851 1417 εἶναι
875 1374 942 1416 καὶ
966 1379 1048 1423 τοῖς
1075 1375 1253 1429 σώφροσι
1276 1375 1425 1430 χαίρειν
1443 1374 1510 1416 καὶ
1533 1375 1661 1427 παρά-

300 1441 441 1495 δειγμα
473 1444 679 1484 ποιεῖσθαι
711 1441 781 1482 τὸν
812 1441 1042 1481 Σπεκτάτου
1077 1437 1178 1494 βίον.
1231 1444 1267 1481 3.
1303 1439 1378 1495 ἐγὼ
1413 1439 1456 1481 δὲ
1491 1439 1661 1482 ἐλθόντα

300 1504 373 1559 μὲν
407 1505 530 1547 ἐκεῐσέ
559 1504 660 1560 <σε>
683 1512 807 1547 ταῦτα
840 1509 970 1546 ποιεῖν
1003 1503 1160 1559 ἠξίουν,
1195 1513 1265 1547 τοῦ
1300 1505 1343 1547 δὲ
1377 1506 1510 1548 ἐλθεῖν
1539 1506 1661 1548 ἐκεῖσε

299 1571 342 1612 τὸ
369 1570 503 1625 μένειν
528 1572 631 1613 οἴκοι
655 1571 810 1626 βέλτιον
834 1570 955 1626 ἄγειν.
1007 1571 1082 1628 ὅτῳ
1108 1571 1182 1626 γὰρ
1206 1571 1310 1626 γυνὴ
1337 1569 1408 1624 μὲν
1434 1570 1569 1625 ἀγαθὴ
1593 1571 1659 1612 καὶ

299 1636 385 1690 νέα,
417 1638 557 1686 παῖδες
590 1635 634 1678 δὲ
667 1637 839 1690 οὐδέπω,
873 1637 1021 1691 μεγάλα
1055 1635 1098 1678 δὲ
1122 1636 1169 1677 τὰ
1205 1635 1299 1678 ὄντα
1332 1636 1399 1678 καὶ
1433 1637 1506 1678 ὅσα
1530 1635 1582 1678 ἂν
1604 1637 1662 1686 εἰς

246 1719 281 1746 3ο
299 1702 560 1755 εὐδαιμονίαν
583 1701 759 1757 ἀρκέσαι,
784 1705 823 1743 τί
847 1704 912 1743 δεῖ
930 1708 1073 1743 τοῦτον
1097 1701 1248 1756 ἀφέντα
1273 1702 1318 1743 τὰ
1345 1701 1417 1755 μὲν
1436 1702 1662 1754 φυλάττειν,

300 1768 574 1818 κληρονόμους
599 1766 642 1809 δὲ
666 1768 711 1809 ἐκ
734 1775 805 1809 τοῦ
830 1768 1049 1823 σπέρματος
1073 1767 1301 1821 ἑτοιμάζειν,
1325 1766 1418 1810 ἄλλο
1444 1784 1481 1808 τι
1498 1767 1661 1821 θαυμά-

371 1888 392 1917 ⁵
427 1882 538 1928 V1r'‚
563 1882 624 1927 εἴ.
658 1883 716 1920 να
740 1883 788 1925 δ’.
814 1883 883 1930 εη’.
917 1884 968 1920 Vo
994 1882 1040 1928 ὸν,
1065 1882 1124 1928 ιη’
1169 1883 1214 1919 Vi
1239 1883 1344 1930 [σεαΊ

375 1995 393 2026 1
420 1989 614 2026 Modestus
641 1990 685 2026 ef.
708 1989 827 2027 Seeck
853 1994 923 2026 213
999 1995 1019 2026 6
1047 1990 1092 2026 cf.
1114 2001 1171 2036 ep.
1194 1993 1275 2026 387.
1301 1989 1420 2026 Seeck
1446 1993 1526 2025 290.
1553 1992 1636 2025 348.

300 2037 468 2073 Silomon
495 2041 539 2073 16
609 2041 654 2074 16
681 2037 799 2074 Seeck
824 2042 890 2074 281

374 2150 392 2180 1
418 2143 598 2194 Δομίτιος
623 2145 740 2182 VaVo
771 2144 958 2191 Δομήτιος
984 2144 1091 2181 Wolf
1110 2145 1155 2182 ef.
1176 2155 1234 2191 ep.
1255 2148 1335 2181 582.
1356 2148 1426 2181 583
1457 2147 1463 2189 1
1485 2143 1575 2190 ἡμῖν
1599 2154 1661 2179 om

300 2193 375 2229 SD
395 2194 401 2238 Ι
423 2189 532 2237 εὗρεν
559 2193 615 2229 Va
689 2195 710 2227 3
735 2192 980 2240 πανταχόθεν
1006 2193 1053 2229 Vi
1119 2196 1141 2228 4
1167 2191 1237 2237 ἐρῶ
1257 2203 1318 2228 om
1336 2192 1366 2229 S
1383 2194 1390 2239 Ι
1412 2189 1601 2238 θεμισθίω
1615 2191 1662 2227 Vi

357 2243 379 2276 8
406 2240 674 2286 ἐπηγγέλλομεν
705 2239 840 2286 scripsi
883 2240 1156 2287 ἐπαγγέλλομεν
1187 2239 1276 2275 libri
1307 2239 1373 2275 ned
1412 2238 1592 2286 ἐπαγγέλο
1638 2251 1661 2273 ν

306 2288 366 2334 Vi,
391 2287 498 2324 Wolf
514 2290 521 2333 Ι
542 2289 702 2324 διαλίποι
751 2302 773 2324 ν
799 2288 846 2325 Va·
909 2292 951 2324 13
973 2285 1056 2325 οὐδ’
1079 2287 1133 2329 εἰς
1158 2288 1216 2333 Vl
1237 2285 1432 2333 ῤἀστώνην
1450 2286 1540 2322 libri
1608 2284 1667 2322 olf

358 2339 402 2371 17
430 2347 470 2372 σε
493 2336 580 2381 post
597 2334 696 2371 ἐκετσ
739 2334 893 2381 inserui,
919 2333 955 2371 ⁶³
977 2336 1064 2381 pont
1085 2339 1127 2370 16
1148 2335 1189 2371 δὲ
1215 2334 1272 2371 Re
1323 2345 1383 2371 om
1409 2334 1498 2370 libri
1522 2332 1630 2370 Wolf
1653 2333 1659 2380 Ι

299 2382 432 2429 ἠξίους
458 2383 506 2419 Vi
579 2386 623 2418 18
650 2381 693 2419 ὃσ
716 2385 768 2430 τῷ
794 2383 850 2419 Va
924 2386 968 2419 19
994 2382 1094 2429 δὶ(1)
1121 2393 1182 2419 om
1207 2383 1255 2419 Vi
1326 2386 1373 2418 20
1397 2381 1446 2428 δὴ
1472 2382 1524 2419 Vo

299 2435 343 2514 ἐξ
371 2429 414 2515 ξγὲ
440 2426 735 2514 -ἄλεὲξοιμάξῖειή
765 2429 1009 2477 θαυμάζομεν
1041 2431 1162 2477 ζητεῖν
1196 2441 1263 2466 exo
1295 2429 1401 2476 Neap
1447 2431 1453 2476 Ι
1500 2427 1581 2465 ἀλλ’
1604 2427 1661 2464 ὅτι

338 2490 363 2515 a
401 2490 423 2515 ο
579 2490 616 2514 τι
672 2490 687 2514 2
