1806 2964
284 242 370 285 722
866 242 1048 278 LIBANII

282 355 390 394 λύων
414 353 482 394 τὸν
507 353 643 408 ἔρωτα.
689 356 726 394 2.
753 353 925 406 δεόμεθα
951 353 1002 406 δή
1028 365 1102 395 σου
1127 353 1170 395 τὸ
1195 354 1266 395 σὸν
1290 353 1406 408 γένος
1430 353 1640 407 ἀναμεῖναι

279 420 350 460 τὸν
368 419 659 473 Βοηδρομιῶνα
677 419 743 460 καὶ
768 421 970 472 μετασχεῖν
994 422 1079 460 τοῖν
1099 423 1230 473 θεοῖν,
1256 419 1352 460 ἀλλὰ
1371 418 1448 460 κᾶν
1465 418 1564 473 ἄλλη
1582 436 1641 470 τις

280 484 409 537 τελετὴ
434 488 550 542 καλῇ,
573 484 721 538 τρέχειν
744 484 811 526 καὶ
835 485 1020 539 γίνεσθαι
1043 489 1126 533 τοῖς
1146 485 1307 538 δαίμοσι
1326 484 1392 525 διὰ
1412 486 1638 539 μυστηρίων

277 550 446 604 ἑταῖρον,
481 551 642 601 νομίσαι
676 549 719 591 δὲ
743 549 810 591 καὶ
841 557 955 591 τοῦτο
990 549 1111 603 ἱερόν,
1147 549 1191 591 τὸ
1224 550 1294 591 τὸν
1317 553 1501 606 πατρῷον
1526 546 1639 592 οἷκον

245 629 262 656 5
279 615 551 657 ἐπανελθόντα
576 614 753 669 συνέχειν
778 615 844 656 καὶ
869 619 1048 656 συνεῖναι
1067 614 1139 668 μὲν
1157 619 1240 664 τοῖς
1258 617 1353 663 ζῶσι
1369 622 1450 656 τῶν
1468 616 1638 669 οἰκείων,

277 689 395 734 τιμᾶν
420 679 463 722 δὲ
487 680 581 729 τοὺς
606 680 848 734 οἰχομένους.
888 684 925 721 3.
952 681 988 721 εἰ
1006 679 1049 722 δὲ
1068 680 1180 734 δεινὴ
1199 680 1374 735 κατέχειν
1392 679 1419 733 ἡ
1438 687 1508 733 τῆς
1526 683 1637 722 Παλ-

277 748 396 796 λάδος
429 753 495 801 γῆ,
522 747 647 787 πάλιν
677 747 851 799 δεόμεθά
883 759 957 787 σου
987 750 1144 800 σπεῖραι
1169 747 1317 795 παῖδας
1337 742 1535 799 Ἀθήνησι
1570 746 1637 788 καὶ

278 813 320 854 τὸ
354 812 468 866 γένος
500 810 599 865 ἡμῖν
632 812 811 853 ἐκτεῖναι.
849 812 1007 860 πάντως
1041 810 1084 852 δὲ
1118 810 1144 864 ἡ
1179 812 1294 860 πόλις
1318 810 1425 866 γέμει
1448 818 1527 852 τῶν
1557 811 1636 854 ἀπὸ

276 877 455 932 Κόδρου,
485 877 528 918 τὸ
560 875 603 917 δὲ
634 877 730 918 αὐτό
763 889 826 918 σοι
855 876 923 918 καὶ
947 878 1047 925 υἷεῖς
1073 877 1171 918 οἴσει
1194 876 1262 917 καὶ
1287 878 1464 930 βάσανον
1489 878 1635 929 φίλων·

223 957 257 984 10
277 945 320 984 οἱ
341 943 414 996 μὲν
437 943 512 998 γὰρ
538 942 662 992 ὄντως
680 942 909 997 ἀγαπῶντες
929 948 1091 995 μενοῦσι
1110 946 1333 995 φιλοῦντες,
1357 942 1451 991 τοὺς
1475 941 1518 983 δὲ
1537 942 1636 984 ἀπο-

275 1009 515 1062 πετομένους
534 1008 638 1061 ὄψει.
677 1011 715 1049 4.
741 1006 846 1061 ἀλλ’,
870 1004 902 1049 ὦ
919 1011 1076 1062 γενναῖε
1095 1007 1162 1048 καὶ
1180 1007 1225 1049 ἐκ
1243 1008 1636 1066 τοιούτων,ιμάλιστα

275 1074 347 1128 μὲν
378 1074 426 1114 τὰ
454 1074 647 1128 πρότερον
676 1074 792 1126 ποίει,
825 1075 982 1115 δίκαιον
1011 1074 1104 1128 γάρ·
1135 1074 1171 1114 εἰ
1197 1072 1240 1114 δὲ
1264 1073 1416 1127 θάτερα
1440 1074 1637 1125 νενίκηκε,

274 1139 484 1180 κάνταῦθά
509 1155 545 1179 τι
569 1138 768 1194 προσέστω
793 1140 946 1193 τάχους.

201 1278 251 1313 W
276 1282 344 1314 712
914 1267 995 1323 ωβ’.

223 1370 255 1397 15
576 1349 821 1411 Ἰουλιανῷ
842 1353 1170 1408 αὐτοκράτορι.
1222 1363 1329 1407 (363)

336 1442 373 1479 1.
388 1435 490 1479 ’Ὅσα
515 1437 766 1492 κατηγόρησα
790 1444 861 1491 τῆς
889 1436 1001 1489 ὁδοῦ,
1026 1436 1094 1478 καὶ
1111 1437 1186 1491 γὰρ
1205 1433 1258 1489 ἦν
1278 1436 1440 1490 χαλεπή,
1465 1442 1635 1478 τοσαῦτα

273 1502 446 1556 ἐμαυτοῦ
471 1502 537 1544 καὶ
556 1503 612 1544 ἔτι
630 1504 749 1543 πλείω
768 1502 913 1557 ταχέως
932 1501 1198 1557 ἀναστρέψας,
1223 1498 1311 1543 ἀλλ’
1333 1501 1407 1543 οὐκ
1429 1497 1492 1542 ἐπ’
1512 1501 1635 1542 αὐτὸν

273 1568 405 1610 ἐλθὼν
436 1569 505 1610 τὸν
536 1569 719 1622 σταθμὸν
753 1567 820 1610 καὶ
852 1567 950 1617 δοὺς
981 1567 1137 1624 ἐμαυτῷ
1168 1567 1211 1609 τὸ
1243 1567 1310 1608 καὶ
1335 1573 1405 1620 τῆς
1429 1566 1635 1621 ὑστεραίας

271 1635 354 1686 ἅμα
385 1638 439 1690 τῷ
471 1633 570 1690 ἡλίῳ
603 1634 677 1687 τὴν
707 1635 826 1675 θείαν
859 1634 959 1674 ι’δεῖν
990 1633 1181 1686 κεφαλήν.
1222 1636 1260 1673 2.
1292 1631 1360 1674 καὶ
1389 1632 1464 1688 γὰρ
1489 1629 1579 1674 οὐδ’
1606 1630 1632 1684 ἡ

344 1742 388 1773 14
422 1738 489 1774 Vn
510 1737 557 1784 β’,
584 1736 681 1784 an‘·
708 1738 763 1774 Va
789 1736 833 1782 ζ,
859 1736 961 1781 ρπθ’.
997 1738 1048 1773 Vo
1073 1736 1149 1783 (ζ’),
1173 1735 1283 1782 ’ρπθἍ
1315 1736 1394 1773 Μο.
1430 1736 1459 1772 S
1485 1734 1531 1779 δ’,
1558 1735 1631 1771 σθ’.

278 1786 330 1822 W
348 1784 416 1832 οβ’.
452 1786 551 1822 Vind
574 1784 662 1831 ρκε’.
689 1785 730 1821 D
754 1785 818 1820 ια’,
848 1785 921 1821 Ath

343 1885 363 1916 2
389 1880 488 1916 Plut.
514 1879 614 1916 cam.
644 1884 687 1916 19
745 1882 751 1926 Ι
808 1880 895 1916 Hor.
916 1879 1053 1916 V1116.
1080 1879 1178 1915 Plat.
1209 1878 1368 1915 Phaedr.
1394 1891 1431 1925 p.
1451 1879 1567 1915 258A

270 1932 291 1964 6
317 1928 403 1964 Eur.
424 1929 499 1964 Ion.
523 1931 614 1964 1296
628 1939 682 1974 sq.
733 1932 816 1973 8sq.
845 1929 891 1964 cf.
913 1928 962 1963 ad
981 1938 1040 1973 e-p.
1061 1931 1130 1963 278
1149 1939 1187 1973 p.
1208 1930 1290 1971 279,
1306 1930 1339 1962 7.
1366 1926 1632 1963 salamanna

336 1979 380 2012 15
401 1975 545 2011 Sievoro
572 1979 617 2011 54
642 1977 720 2021 pot.
742 1981 782 2019 23
810 1979 875 2011 101
903 1977 981 2011 not.
1002 1978 1067 2018 943
1094 1978 1164 2010 102
1191 1976 1269 2011 not.
1294 1977 1371 2010 102.
1407 1973 1525 2010 Seeck
1551 1976 1629 2009 188.

269 2027 339 2059 396
416 2028 458 2059 16
485 2023 551 2059 Iul.
574 2035 630 2070 op.
653 2027 697 2058 27
774 2026 817 2058 19
842 2022 940 2059 Plat.
960 2023 1117 2059 Phaedr.
1138 2035 1175 2069 p.
1198 2026 1268 2058 234
1282 2022 1326 2058 D.
1352 2021 1567 2068 Richtsteig
1586 2024 1631 2057 63

341 2123 362 2154 2
388 2120 456 2165 μὲν
482 2120 571 2155 ante
593 2119 661 2155 τὸν
684 2119 786 2154 inser
812 2118 882 2155 Vo⁴
906 2118 1013 2154 Wolf
1057 2117 1178 2154 delevi
1201 2120 1206 2164 Ι
1227 2123 1316 2154 ταῖν
1340 2117 1395 2152 Ro
1488 2121 1509 2152 3
1534 2119 1630 2161 aab)

277 2168 328 2203 Vo
354 2167 450 2203 sed·
471 2166 512 2202 e=
541 2178 624 2202 corr
647 2167 704 2202 ιιι*
734 2169 740 2211 Ι
775 2165 973 2213 γίγνεσθαι
999 2166 1055 2202 Va
1065 2167 1115 2202 Vo
1151 2165 1333 2212 γενέσθαι
1357 2164 1465 2200 Wolf
1505 2165 1511 2211 Ι
1554 2169 1630 2200 τῶν

269 2216 359 2251 anto
383 2213 593 2260 μυστηρίων
618 2215 720 2250 inser
744 2214 799 2250 Re
872 2218 895 2249 4
920 2218 1096 2257 πατρῶον
1127 2214 1159 2249 V
1222 2216 1242 2248 6
1270 2212 1472 2254 Παλλάδος
1495 2211 1630 2257 scripsi

268 2273 288 2298 e
323 2263 377 2298 Va
414 2261 568 2303 ἑλλάδος
594 2262 761 2298 VVoMo
786 2261 893 2297 Wolf
936 2265 957 2296 9
984 2258 1024 2297 δ’
1046 2260 1176 2307 Wolf!
1199 2260 1314 2306 φίλην
1340 2260 1410 2296 Mo
1465 2262 1510 2295 10
1535 2258 1574 2294 οἳ
1600 2259 1636 2295 V

275 2311 332 2346 Va
351 2309 460 2345 Wolf
493 2312 500 2354 Ι
545 2309 866 2355 ὑποκρινομένους
896 2309 953 2344 vel
986 2306 1133 2352 ἑτέρους
1156 2308 1218 2345 vel
1245 2310 1295 2354 μὴ
1319 2307 1512 2348 τοιούτους
1541 2308 1630 2352 post

266 2358 355 2399 τοὺς
384 2357 427 2394 δὲ
453 2357 553 2393 inser
579 2357 632 2392 Re
684 2361 727 2392 12
758 2356 943 2402 πρότερον
968 2356 1100 2400 scripsi
1120 2367 1141 2392 e
1173 2356 1208 2391 V
1246 2354 1415 2399 πρότερα.
1437 2355 1552 2391 VaVo
1561 2353 1630 2390 Μο

270 2404 376 2440 Wolf
447 2409 490 2441 15
517 2404 767 2451 αὐτοκράτορι
792 2406 880 2440 ante
905 2404 1086 2452 ίουλιανῷ
1111 2404 1169 2440 Va
1179 2403 1230 2440 Vo
1239 2405 1309 2440 Mo
1345 2414 1406 2438 om
1437 2401 1630 2439 VWVina

267 2452 561 2536 WolfDssoaerczlsft
582 2453 612 2489 S
688 2455 733 2489 18
757 2452 800 2488 τὸ
825 2452 890 2489 καὶ
917 2463 979 2488 om
1004 2451 1105 2489 Vina
1192 2454 1236 2487 19
1261 2449 1431 2496 κεφαλὴν
1455 2449 1553 2486 ἰδεῖν
1582 2449 1634 2486 W

275 2501 375 2537 Vina
495 2511 517 2536 ο
