1806 2964
265 242 353 285 512
854 233 1038 271 LIBANII

194 361 244 396 W
270 364 340 396 462
892 343 1005 398 9)μηῖ

723 430 963 487 Εὖιππίῳ.
1015 437 1183 483 (356757)

333 523 368 559 1.
395 516 574 558 ’Ἠκουον
600 511 705 556 εἶναι’
728 527 769 554 σε
803 503 926 554 καλόν
951 511 1135 566 κάγαθὸν
1160 510 1227 552 καὶ
1260 509 1494 563 ἐπεθύμουν
1520 509 1632 551 ἰδεῖν.

271 583 369 624 ἰδὼν
394 579 513 636 εὗρον
538 582 676 635 βελτίω
701 586 773 621 τοῦ
798 579 919 632 λόγου
952 577 1020 618 καὶ
1044 576 1188 631 ταχέως
1222 576 1385 629 ἐζήτουν
1408 576 1453 617 τὸ
1477 574 1632 630 κέρδος,

231 666 250 693 ⁶
270 648 481 701 ἐπειδήπερ
506 647 686 699 ἀπῆλθες
709 643 839 694 ὀξέως.
868 646 906 686 2.
930 641 1104 696 ἐντυχὼν
1129 642 1180 694 δή
1200 654 1274 682 σου
1298 645 1351 699 τῷ
1372 642 1541 696 κηδεστῇ
1565 639 1633 681 καὶ

271 718 458 769 συγγενεῖ
485 714 610 770 τούτῳ
635 716 689 768 τῷ
725 709 891 765 φέροντί
922 721 986 749 σοι
1009 707 1084 760 τὴν
1109 707 1317 760 ἐπιστολὴν
1343 706 1462 761 λόγον
1494 705 1632 759 ἐποιη-

270 781 404 833 σάμην
417 778 516 833 πρὸς
529 778 677 826 αὐτοὺς
690 775 736 816 τὰ
751 775 801 817 σὰ
819 774 887 815 καὶ
905 771 1077 831 ἐπῄνεσα
1096 772 1163 814 καὶ
1181 772 1455 817 ἐπαινούντων
1465 770 1633 825 ἥκουσα.

271 845 315 887 τὸ
348 844 390 886 δὲ
426 845 480 898 μὴ
514 843 701 894 παρεῖναί
733 854 774 882 σε
809 840 1009 881 δεικνύντι
1041 854 1108 892 μοι
1137 838 1282 893 λόγους
1311 842 1394 886 τοῖς
1429 836 1502 890 μὲν
1531 833 1634 878 εἶναι

272 911 399 952 ἐδόκει
431 910 504 951 σὸν
529 909 699 962 βλάβος,
732 905 819 960 ἐμοὶ
851 905 894 946 δὲ
925 904 1031 959 ἐμόν.
1083 907 1121 945 3.
1151 904 1286 958 ἥσθην
1317 902 1359 944 δὲ
1385 903 1444 944 ὅτι
1469 905 1565 951 παῖς
1589 900 1633 943 ἐν

220 992 256 1019 ιο
277 977 480 1030 μουσείοις
517 974 599 1016 ἐστί
629 986 692 1014 σοι
723 973 852 1027 λόγων
882 971 1062 1024 ἀθλητὴς
1097 969 1163 1010 καὶ
1200 976 1328 1011 ποιῶν
1360 980 1401 1009 σε
1438 966 1534 1021 μετὰ
1564 972 1634 1020 τῆς

273 1041 450 1094 ἀδελφῆς
475 1039 644 1082 εὔπαιδα
669 1042 898 1091 κεκλῆσθαι.

202 1175 249 1209 w
276 1178 346 1210 463
897 1161 1015 1215 φμθ’.

709 1244 750 1287 Ἀ
761 1246 973 1303 νατολίω.
1026 1251 1195 1299 (356157)

340 1338 376 1374 1.
411 1333 493 1374 Καὶ
518 1333 571 1374 τὰ
597 1330 872 1384 δοκηθέντα
897 1328 1140 1380 ἐτελέσθη·
1170 1325 1390 1381 μεταθέντα
1415 1325 1488 1381 γὰρ
1513 1325 1638 1365 εἰπεῖν

223 1414 257 1441 15
276 1398 425 1452 ἀληθὲς
460 1398 514 1447 ὡς
540 1398 613 1439 οὐκ
638 1394 726 1438 ἔσθ’
756 1397 862 1445 ὅστις
893 1395 967 1437 οὐκ
998 1394 1136 1448 ἤλπισε
1162 1393 1234 1446 τὴν
1259 1399 1466 1446 παροῦσαν
1492 1389 1637 1444 ἀρχήν·

278 1466 403 1514 οὕτως
437 1464 510 1506 οὐκ
542 1463 756 1517 ἀλλοτρίων
782 1463 885 1518 ἅπτῃ
912 1468 991 1502 τῶν
1017 1467 1108 1511 νῦν,
1133 1454 1218 1499 ἀλλ’
1247 1457 1420 1512 ἀκριβῶς
1450 1455 1568 1505 ἐδέξω
1592 1454 1637 1495 τὰ

279 1537 443 1583 σαυτοῦ,
468 1530 535 1570 καὶ
561 1529 658 1583 μέγα
683 1529 826 1577 πάντες
850 1526 1022 1581 ἐβόησαν
1041 1524 1254 1579 ἅνθρωποι
1272 1523 1552 1577 μακαρίζοντες
1568 1519 1640 1574 μὲν

279 1592 336 1637 ὧν
361 1595 599 1645 ἕπιστατεΐς,
624 1594 880 1642 ἐπαινοῦντες
906 1591 948 1633 δὲ
973 1592 1042 1633 τὸν
1067 1589 1340 1642 ἐπιστήσαντα,
1365 1587 1641 1642 συγχαίροντες

280 1661 324 1703 δὲ
367 1660 432 1702 σοὶ
475 1667 546 1701 τοῦ
589 1661 725 1713 λαβεῖν
767 1656 959 1712 ἀφορμὴν
1001 1656 1101 1710 πρὸς
1144 1655 1331 1704 ἐπίδειξιν
1375 1660 1446 1707 τῆς
1488 1651 1639 1708 ἀρετῆς.

355 1769 372 1799 1
410 1765 458 1800 V1
481 1763 526 1809 y‘‚
551 1762 649 1809 σμα’.
691 1763 746 1798 Va
772 1760 819 1805 ς’,
844 1760 916 1797 νὸ’.
956 1761 1008 1797 Vo
1032 1758 1078 1803 ς’,
1103 1759 1162 1795 νδ’
1238 1762 1281 1793 12
1314 1757 1366 1794 Vt
1388 1756 1434 1803 γ’,
1460 1754 1553 1804 σμβ’.
1586 1755 1642 1791 Va

280 1813 327 1856 ς’,
354 1811 418 1848 νε’.
455 1812 505 1848 Vo
531 1810 578 1856 ς’,
604 1810 656 1847 vn‘

356 1918 376 1948 2
404 1912 520 1948 Seeck
549 1915 626 1947 135.
656 1915 724 1947 333
775 1914 819 1946 10
845 1909 941 1946 plat.
963 1908 1070 1954 soph.
1088 1920 1124 1955 p.
1145 1906 1272 1951 231E;
1301 1904 1397 1942 Phss.
1416 1917 1453 1951 p.
1474 1904 1557 1940 41ss

284 1966 326 1996 11
354 1960 401 1996 cf.
428 1971 485 2007 ep.
507 1963 576 1995 300
640 1963 683 1995 13
710 1957 827 1994 Seeck
853 1961 898 1993 62
913 1969 967 2002 sq.
994 1960 1063 1992 334
1134 1959 1178 1991 14
1203 1954 1290 1991 Eur.
1311 1953 1390 1990 Alc.
1412 1957 1516 1989 1161.
1542 1951 1640 1988 Med.

285 2012 389 2045 1417.
415 2008 496 2044 Hel.
519 2011 623 2043 1600.
649 2006 826 2042 Androm.
850 2008 954 2042 1286.
979 2003 1114 2040 Bacch.
1137 2005 1229 2039 1390

358 2114 377 2145 7
403 2110 526 2155 nalo)
545 2109 646 2145 inter
662 2108 717 2143 V‘·
765 2111 787 2144 8
811 2105 854 2143 τὸ
873 2107 964 2144 VVo
982 2106 1047 2142 sed
1067 2103 1088 2143 ὀ
1107 2105 1147 2141 in
1166 2111 1195 2140 ὤ
1215 2115 1298 2140 corr
1313 2104 1428 2141 V‘Vo
1449 2107 1455 2149 Ι
1476 2102 1541 2139 καὶ
1559 2104 1645 2148 post

282 2168 323 2193 <n
350 2159 385 2194 V
406 2158 471 2193 aed
499 2168 580 2192 eran
639 2160 660 2191 9
687 2153 810 2193 ἐδόκει
835 2154 904 2191 σὺν
928 2153 1064 2200 scripsi
1083 2155 1235 2189 auctore
1261 2151 1316 2188 Re
1353 2153 1460 2188 δοκεῖ
1477 2162 1536 2187 σοι
1554 2149 1644 2186 libri

284 2205 393 2241 Wolf
476 2209 518 2239 15
545 2202 686 2250 ἀληθὲς
710 2203 760 2244 ὡς
784 2201 916 2248 scripsi
942 2212 962 2237 e
989 2202 1025 2238 V
1056 2199 1198 2247 ἀληθὲς
1222 2200 1279 2237 Va
1316 2198 1438 2245 ἅὴθις
1462 2198 1515 2235 Vo
1542 2197 1648 2234 Wolf

282 2253 350 2298 qui
376 2253 490 2298 ἀηδὲς
515 2251 601 2288 coni
699 2255 743 2287 16
768 2250 838 2286 τὰσ
861 2250 978 2286 αὐτοῦ
1008 2250 1064 2286 Va
1163 2251 1205 2283 17
1231 2248 1296 2283 καὶ
1329 2244 1423 2293 μέγα
1448 2267 1492 2274 -
1514 2249 1596 2290 513,
1616 2250 1638 2281 ὁ

286 2299 480 2347 ἐπέρχεται
511 2300 648 2350 iterun)
688 2299 728 2334 in
763 2309 821 2344 ep.
849 2301 918 2334 552
955 2302 1044 2343 poet
1074 2295 1216 2342 ἐθέμην
1247 2298 1298 2378 (Γ.
1318 2298 1400 2338 615,
1422 2296 1479 2340 10)
1510 2293 1644 2340 pauci·

283 2348 444 2384 mutati·
469 2349 527 2393 (17
549 2347 662 2394 βοῶσι
682 2346 902 2390 ἄνθρωποις
921 2348 1004 2388 613,
1017 2348 1038 2380 2
1059 2343 1101 2380 ἐν
1113 2355 1252 2388 προοιμ
1292 2355 1327 2385 ις
1344 2352 1422 2386 οως
1442 2346 1464 2379 3
1482 2346 1644 2388 χρῶνται

287 2417 333 2424 -
350 2400 371 2430 4
386 2398 606 2441 διηγοῦνται
626 2396 703 2439 om)
715 2393 873 2439 praebet
885 2393 914 2430 S
924 2394 977 2438 (ot
989 2392 1098 2427 Laut.
1110 2390 1207 2426 LVII
1219 2393 1280 2437 47)
1332 2393 1375 2426 18
1394 2388 1645 2433 ἐπιστήσαντα

287 2442 419 2489 scripsi
439 2454 523 2478 cum
543 2442 597 2477 Re
618 2438 1027 2485 ἐπιστατήσανταἸίὓτί
1046 2438 1153 2475 Wolf
1208 2441 1251 2474 19
1272 2438 1329 2474 σοὶ
1351 2443 1419 2474 τοῦ
1439 2438 1475 2473 V
1489 2436 1555 2473 ned
1572 2436 1586 2472 2
1604 2435 1645 2472 in

287 2502 348 2527 ns
373 2492 413 2527 et
438 2503 482 2526 ov
508 2500 553 2525 ex
578 2503 631 2526 ων
656 2500 739 2525 corr
762 2488 819 2524 m⁴
839 2490 846 2534 Ι
866 2487 935 2534 τὴν
959 2489 1048 2523 ante
1073 2484 1253 2530 ἐπίδειξιν
1277 2478 1385 2522 Wolf
1405 2483 1526 2521 delevi
