1806 2964
645 218 916 254 EPISTULAE
942 222 1135 254 410-412
1486 217 1575 261 407

201 331 358 391 τρέχῃς,
390 332 498 381 ὅπως
529 331 606 386 ἐγὼ
636 331 833 386 πάθοιμι,
864 331 931 372 καὶ
962 335 1045 380 τοῖς
1076 330 1288 383 ἀφεικόσιν
1319 330 1489 387 ἕγκαλῇς
1521 330 1576 380 ὡς

200 397 513 452 ἐξηπατημένοις
536 397 603 439 καὶ
629 398 730 454 λύῃς
754 397 829 451 τὴν
853 398 969 452 χάριν
992 397 1060 438 καὶ
1084 397 1129 439 τὸ
1160 403 1312 438 σαυτοῦ
1344 397 1576 453 θεραπεύῃς

201 462 281 516 ἡδὺ
309 464 378 506 καὶ
409 463 559 518 τούμὸν
591 464 837 520 διαφθείρῃς
869 462 1092 518 συμφέρον,
1123 470 1247 505 ταῦτα
1278 461 1322 504 δὲ
1348 462 1398 504 οὐ
1424 462 1575 517 δέχεται

199 530 245 572 τὸ
268 537 341 572 τοῦ
367 533 583 582 φιλοῦντος
607 530 832 585 πρόσρημα.
886 533 923 571 2.
948 529 1016 571 καὶ
1042 529 1204 571 δέδοικα
1229 529 1281 582 δὴ
1308 529 1364 582 μή
1390 542 1454 571 σοι
1486 530 1574 570 δια-

198 596 326 653 βάλλῃ
350 596 420 638 τὸν
445 596 608 650 τρόπον,
638 597 768 638 καίτοι
793 597 1023 649 Κλημάτιος
1049 594 1093 637 ἕν
1117 595 1270 652 ἐπαίνῳ
1301 599 1356 654 τῷ
1383 595 1474 650 περὶ
1499 601 1574 636 σοῦ
1613 611 1630 637 ⁵

199 663 350 716 ταύτην
381 663 593 717 ἀπήγγειλε
623 662 699 716 τὴν
730 662 930 716 σπουδήν,
961 661 1183 717 κατήγορος
1214 661 1264 703 δὲ’
1290 659 1348 702 ὢν
1374 662 1450 703 οὐκ
1479 661 1575 715 ἠπί-

198 741 327 770 στατο.
379 731 418 770 3.
457 729 687 778 δεικνύντος
725 727 769 769 δέ
805 744 885 781 μου
924 729 983 769 ὅτι
1019 727 1067 768 τὰ
1097 727 1325 781 ἀδικήματα
1355 728 1574 781 θαυμάζοι,

198 795 330 836 κάλει
363 796 512 848 φησίν,
544 794 566 835 ὅ
590 811 633 835 τι
657 801 806 836 ταῦτα
829 793 1034 844 ἐθέλεις·
1068 793 1129 844 ὡς
1159 792 1276 848 ἡμῖν
1300 809 1350 849 γε
1381 793 1575 849 ἀρέσκει

197 860 277 902 καὶ
302 862 604 915 πεπράξεται.
640 861 720 901 καὶ
744 860 852 914 ἐμοὶ
878 862 1048 902 τοίνυν
1078 860 1185 914 ἔφην
1211 859 1379 910 ἐξέστω
1406 859 1468 913 μὴ
1493 875 1573 901 νο-

197 928 354 980 μίζειν
373 925 498 981 ἡμᾶς
517 928 692 980 φίλους
712 925 831 981 μηδὲ
851 927 920 977 εἰς
939 927 1113 969 ταύτὸν
1134 926 1271 968 ἰέναι.
1306 933 1431 967 ταῦτα
1450 925 1572 968 ἀκού-
1593 942 1628 967 ιο

201 1006 274 1043 σας
307 993 387 1047 ἔφη
423 994 567 1047 λήξειν.
619 996 659 1034 4.
684 1000 836 1035 παῦσαι
870 993 923 1047 δὴ
957 992 1026 1034 καὶ
1051 993 1101 1034 σὺ
1126 999 1197 1046 τῆς
1232 994 1481 1046 φιλονεικίας
1505 992 1573 1034 καὶ

197 1060 408 1114 φρόνησον
421 1055 659 1113 Ἑλληνικόν
677 1076 724 1101 τι.
762 1059 909 1114 πρέποι
934 1056 973 1101 δ’
996 1058 1048 1100 ἂν
1066 1059 1237 1113 ἥκοντος
1252 1055 1475 1112 Ὀλυμπίου
1500 1065 1571 1100 τοῦ

197 1125 391 1181 φέροντος
416 1126 515 1180 ὑμῖν
538 1126 605 1167 ἐπὶ
628 1133 699 1180 τῆς
723 1133 860 1180 ψυχῆς
887 1127 1017 1168 πάντα
1042 1125 1090 1167 τὰ
1110 1121 1318 1179 τΕλλήνων
1342 1126 1455 1166 καλά.

834 1258 928 1313 υιβ’.
1474 1265 1523 1301 W
1551 1268 1644 1300 1229

714 1348 895 1401 Λεωνᾷ.
947 1354 1054 1398 (355)
1591 1357 1626 1384 15

258 1433 294 1469 1.
325 1428 378 1469 Τό
403 1444 444 1470 τε
468 1429 597 1470 πολὺν
622 1435 783 1483 σιγῆσαι
801 1429 947 1483 χρόνον
964 1428 1033 1469 καὶ
1051 1429 1095 1470 τὸ
1120 1434 1199 1469 νῦν
1218 1428 1431 1470 ἐπιστεῖλαι
1450 1427 1571 1482 λόγον

194 1494 300 1536 ἐστὶν
325 1494 416 1549 ἕχον
440 1494 663 1549 ἀμφότερα·
690 1495 733 1536 τὸ
759 1494 833 1548 μὲν
851 1495 927 1549 γὰρ
953 1491 1024 1536 ὑπ’
1053 1494 1234 1549 ἀθυμίας
1258 1494 1422 1550 ἐγίνετο,
1446 1492 1500 1547 ἣν
1525 1493 1569 1535 τὸ

268 1615 313 1647 ιι
347 1611 397 1648 Vt
417 1609 464 1658 γ’,
490 1610 559 1660 ρβ’.
595 1611 650 1647 Va
675 1610 717 1656 ε’,
741 1611 808 1647 κεν

272 1724 295 1755 5
321 1719 369 1756 cf.
395 1731 454 1766 ep.
483 1723 566 1755 436.
599 1718 718 1756 Seeck
752 1723 819 1755 111
885 1723 929 1755 12
956 1719 1003 1756 cf.
1023 1718 1121 1755 Plut.
1142 1719 1232 1755 Luc.
1252 1722 1344 1764 41,1
1418 1722 1461 1754 15
1488 1718 1567 1755 Sie-

193 1778 277 1803 vere
309 1771 353 1803 77
386 1769 466 1804 not.
490 1770 549 1804 40.
588 1767 707 1804 Seeck
733 1771 815 1804 194.
842 1771 914 1803 320

267 1880 287 1911 1
314 1875 417 1918 ὅπως
442 1897 487 1902 -
511 1875 698 1960 πωθοινς]
723 1875 821 1912 ὅπου
845 1875 1023 1923 κάθημαι
1050 1877 1095 1912 Vi
1116 1877 1122 1924 1
1153 1890 1189 1912 τι
1212 1877 1299 1922 post
1323 1875 1363 1922 ἐγ
1366 1876 1395 1911 ὠ
1421 1886 1442 1911 e
1462 1876 1566 1913 Med.

193 1925 231 1960 A
256 1924 396 1970 (Laur.
416 1924 543 1960 LVII
555 1926 620 1970 4⁷)
699 1924 758 1960 olf
800 1924 924 1960 delevi
1021 1925 1078 1971 ἀφ
1081 1922 1224 1961 εικόσιν
1245 1924 1292 1960 Vi
1326 1924 1394 1960 sed
1425 1922 1568 1971 ιμένοις

190 1984 238 2007 eu
265 1983 309 2009 ra
339 1970 484 2009 εικόσιν·
506 1972 566 2008 m¹
589 1973 646 2018 ἀφ
649 1970 783 2018 ηκόσιν
803 1973 860 2009 Va
896 1971 969 2009 Wo
1085 1977 1106 2009 3
1132 1973 1207 2019 ἡδὺ
1232 1971 1386 2018 reposui
1411 1983 1432 2008 e
1457 1972 1566 2009 libris

217 2022 330 2067 ηδιον
354 2019 464 2057 Wolf
487 2020 492 2068 Ι
521 2020 765 2067 διαφθείρεις
792 2021 839 2057 Vi
862 2020 931 2056 sed
963 2034 988 2067 η
1023 2031 1140 2068 supra.
1164 2034 1199 2058 ει
1223 2020 1282 2056 m⁸
1354 2024 1377 2056 4
1402 2020 1566 2068 διαβάλῃ

198 2068 234 2102 V
263 2067 373 2105 Wolf
431 2072 453 2104 6
478 2068 679 2116 ἀπήγγειλε
705 2068 829 2105 Vsed
854 2068 1073 2105 ιιιιλοοιτ
1095 2069 1154 2105 ιιι*
1221 2072 1242 2104 8
1269 2066 1327 2104 ὅτι
1352 2069 1546 2128 ῩΙέθέλη
1547 2083 1568 2111 ς

198 2116 257 2153 Va
277 2118 284 2162 Ι
306 2116 456 2162 ἀρέσκει
482 2117 519 2154 V
537 2117 606 2152 sed
630 2127 676 2153 ex
700 2115 850 2162 ἀρκέσει
874 2128 958 2153 corr
982 2117 1040 2153 ιη’
1113 2121 1135 2153 9
1162 2116 1251 2163 ἔφη·
1278 2116 1307 2153 S
1336 2117 1342 2163 Ι
1375 2116 1426 2163 μὴ
1451 2117 1494 2154 δὲ
1522 2118 1567 2153 Vi

242 2168 288 2201 10
312 2164 413 2211 ἡμᾶς
442 2164 578 2211 scripsi
608 2166 706 2226 ὑμᾶς
739 2164 829 2201 libri
853 2164 963 2201 Wolf
1034 2170 1078 2201 11
1104 2164 1174 2212 ἄγε
1207 2165 1243 2200 V
1263 2164 1330 2201 sed
1354 2165 1396 2201 ιιι
1420 2171 1566 2202 παῦσαι

192 2223 276 2249 corr
292 2213 363 2258 111⁶,
387 2213 446 2249 Va
510 2217 555 2248 12
581 2211 620 2249 δ’
642 2213 852 2259 ἀνήκοντος
876 2214 963 2250 coni
987 2213 1044 2250 Re
1096 2217 1141 2250 13
1166 2212 1215 2249 τὰ
1238 2212 1382 2249 inserui
1408 2223 1430 2250 e
1454 2213 1568 2253 libris

192 2271 255 2297 om
273 2260 407 2308 Wolf!
423 2259 613 2308 Ελλήνων
637 2261 738 2298 καλά
761 2260 897 2308 scripsi
922 2273 943 2297 e
968 2261 1066 2298 VVa
1097 2260 1274 2308 ἑλληνικά
1297 2261 1387 2299 SVa·
1409 2260 1521 2298 Wolf

194 2311 239 2344 16
263 2311 384 2346 λεωνᾶ
410 2308 474 2345 del
499 2310 556 2347 Va
580 2309 649 2346 et
637 2321 679 2345 ιιι
703 2307 857 2359 λεοντίῳ
882 2320 965 2346 corr
987 2310 1046 2345 m‘
1114 2313 1158 2346 16
1187 2309 1241 2346 Τό
1260 2321 1301 2345 τε
1325 2309 1461 2356 scripsi
1485 2320 1507 2346 e
1534 2310 1571 2346 V

191 2356 235 2393 τὸ
260 2356 319 2394 Va
342 2345 452 2393 Wolf
510 2360 555 2393 16
580 2358 786 2394 ἐπιστεῖλαι
803 2378 850 2385 -
872 2361 916 2393 17
943 2357 984 2405 ἔκ
985 2371 1030 2395 ον
1056 2358 1119 2394 del
1146 2358 1204 2394 Va
1233 2357 1302 2393 aed
1331 2357 1373 2394 in
1402 2357 1472 2394 τὸν
1494 2371 1564 2404 μα-

191 2403 286 2449 κρὸν
316 2405 533 2442 ἀποστεῖλαι
558 2404 672 2453 λόγον
695 2406 797 2443 ἐστὶν
816 2405 915 2453 ἔχειν
938 2417 1022 2442 corr
1045 2406 1103 2441 m‘
1165 2409 1209 2442 17
1236 2406 1262 2441 ἀ
1366 2418 1453 2452 ερον
1478 2405 1566 2442 coni

191 2451 324 2498 Wolf!
343 2445 387 2490 vo
414 2453 538 2490 Vsed
569 2467 590 2490 ο
615 2464 662 2490 ex
686 2467 714 2491 α
738 2465 822 2491 corr
833 2420 865 2502 χΙ
899 2452 964 2490 ὑπ’
989 2454 1107 2490 Veed
1133 2454 1156 2491 ὁ
1182 2464 1228 2490 ex
1299 2464 1383 2491 corr
1404 2453 1475 2498 ιη’,
1505 2453 1565 2490 Va

191 2499 259 2536 sed
291 2455 324 2537 ὁ,
349 2500 391 2537 ιιι
424 2502 451 2537 ἀ
481 2512 564 2538 corr
586 2501 645 2538 ιιι*
664 2503 671 2549 Ι
693 2500 840 2549 ἐγένετο
866 2502 924 2539 Va
947 2501 1057 2538 Wolf
