1806 2964
273 224 363 268 660
859 222 1042 260 LIBANH

275 334 347 389 μὲν
367 334 540 387 ἕψεσθαι
558 339 611 392 τῷ
628 337 792 388 βασιλεῖ,
812 333 853 376 σὲ
873 333 915 375 δὲ
936 333 1087 392 ἐκείνῳ,
1105 333 1172 375 καὶ
1189 334 1308 375 πάλιν
1321 334 1440 383 αὐτὸς
1453 333 1628 386 ὄψεσθαι

274 401 348 453 τὴν
372 404 458 450 ταῖς
482 404 612 451 θεαῖς,
637 399 692 448 ὡς
704 398 883 452 ’Ὄμηρος
907 399 1070 452 ἔφησεν,
1093 398 1271 440 ἐοικυῖαν
1294 403 1477 453 γυναῖκα.
1507 398 1562 448 ὧς
1587 397 1629 440 δὲ

274 465 436 507 ἐκείνων
464 464 652 519 ἁμαρτὼν
683 465 894 518 ἠθύμουν,
925 464 1052 519 γέρων
1082 480 1140 514 τις
1164 464 1321 513 ἐπιστὰς
1344 464 1414 514 τὰς
1438 464 1633 516 συνήθεις

275 547 344 583 μοι
373 530 599 587 ποιουμένῳ
631 529 836 583 διατριβὰς
866 526 950 571 εἶπέ
981 545 1020 570 τε
1051 525 1146 583 παρ’
1169 525 1225 570 ὧν
1250 529 1342 582 ἥκοι
1365 529 1433 570 καὶ
1457 530 1516 571 ὅτι
1538 528 1630 584 ἄγοι

240 611 256 637 5
275 596 508 651 ἀνδράποδα
530 597 672 650 δῶρον.
699 598 737 636 3.
763 595 850 648 ἐμοὶ
870 594 911 635 δὲ
933 595 975 636 τὸ
996 594 1067 647 μὲν
1087 596 1218 649 δῶρον
1236 595 1310 636 οὐκ
1329 594 1460 647 ἐφάνη
1478 595 1631 646 καινόν,

273 662 398 703 πολλὰ
420 662 495 716 γὰρ
520 657 615 715 παρ’
637 659 736 714 ἡμῖν
763 661 925 715 ὑμέτερα
949 660 1017 701 καὶ
1042 660 1065 701 8
1088 676 1131 714 γε
1155 660 1225 701 τὸν
1248 661 1379 702 νόθον
1397 675 1464 713 μοι
1484 660 1629 701 παιδα-

272 734 413 782 γωγῶν
443 727 498 768 ἔτι
521 726 594 767 ,καὶ
624 733 704 767 νῦν
734 725 756 769 ὃ
787 727 988 768 Σελεύκου
1026 729 1212 767 καλεῖται·
1258 724 1373 782 ᾤμην
1404 725 1446 767 δὲ
1479 726 1538 766 ὅτι
1570 726 1636 766 δεῖ

273 797 479 846 προσεῖναὶ
509 797 562 850 τῷ
585 793 701 849 δώρῳ
725 793 888 833 κάλλιον
913 792 1038 832 αὐτοῦ
1063 798 1134 832 τοῦ
1160 791 1313 845 δώρου,
1338 791 1544 846 γράμματα
1569 791 1629 832 σά.

277 861 316 899 4.
342 857 397 907 ὡς
422 857 465 899 δὲ
490 858 536 898 τὰ
562 857 635 910 μὲν
659 857 892 911 ἀνδράποδα
917 857 1105 911 εἰσήγετο,
1129 857 1335 911 γράμματα
1361 855 1404 898 δὲ
1423 856 1498 898 οὐκ
1516 856 1631 909 ἐφαί-

222 939 257 965 ιο
275 939 378 978 νετο,
403 924 446 964 τὸ
472 923 545 976 μὲν
570 925 701 978 δῶρον
726 924 794 964 καὶ
819 924 946 971 οὕτως
970 922 1214 976 ἐλάμβανον,
1243 920 1371 975 ἡδονὴ
1398 920 1441 963 δὲ
1467 922 1539 964 οὐκ
1565 917 1632 974 ἦν,

275 989 422 1043 ὅσηπερ
446 987 498 1029 ἂν
523 984 590 1042 ἦν,
615 989 652 1030 εἰ
673 988 742 1029 καὶ
765 988 812 1029 τὰ
835 989 1045 1043 γράμματα
1063 994 1229 1041 προσῆν.
1264 989 1301 1029 5.
1321 988 1371 1029 σὺ
1394 984 1432 1029 δ’
1448 988 1484 1029 εἰ
1499 984 1631 1044 ῥᾴθυ-

274 1070 348 1107 μος
372 1052 471 1107 ἡμῖν
495 1054 661 1109 γέγονας
685 1053 750 1095 ἐπὶ
775 1058 827 1110 τῷ
847 1054 962 1109 τόκῳ,
989 1053 1064 1105 τήν
1088 1068 1131 1107 γε
1159 1052 1360 1107 θυγατέρα
1386 1049 1515 1095 κέλευε
1539 1054 1631 1108 γρά-

274 1135 367 1171 φειν
398 1119 464 1160 καὶ
489 1122 660 1173 βοηθεῖν
685 1126 732 1176 τῇ
759 1122 888 1173 μητρί.
925 1118 1016 1160 θεοὶ
1042 1118 1085 1160 δέ
1110 1134 1176 1171 μοι
1213 1119 1320 1159 δοῖεν
1345 1119 1418 1159 καῖ
1437 1118 1525 1172 περὶ
1550 1124 1632 1159 σῶν
1660 1150 1662 1153 .

275 1184 395 1226 υἱέων
418 1192 579 1226 τοιαῦτα
605 1185 828 1226 ἐπιστεῖλαι.

204 1311 254 1346 W
279 1315 347 1347 ⁶47
909 1300 1008 1353 ψλεῖ

224 1402 257 1428 ιε
779 1384 992 1445 Ἀκακίῳ.
1019 1391 1126 1435 (362)

340 1478 376 1512 1.
397 1468 513 1512 Ἀλλὰ
545 1473 585 1512 τί
614 1487 659 1524 με
691 1470 860 1525 ἐβούλου
892 1475 1043 1524 ποιεῖν,
1073 1471 1173 1524 πρὸς
1203 1471 1325 1523 αὐτῆς
1351 1477 1420 1523 τῆς
1440 1467 1634 1522 Ἀθηνᾶς,

281 1540 465 1578 Τιτιανοῦ
490 1535 563 1590 μὲν
588 1536 749 1591 ἑτέρωσε
774 1535 1043 1590 πεμπομένου,
1067 1543 1138 1589 τῆς
1164 1534 1207 1577 δὲ
1227 1542 1299 1588 σῆς
1317 1536 1478 1588 ψήφου,
1504 1531 1558 1575 δι’
1579 1533 1634 1587 ἣν

277 1604 504 1657 ἔμπροσθεν
529 1602 800 1656 ἐπεδώκαμεν,
832 1600 1073 1654 κινουμένης
1096 1600 1124 1655 ἢ
1149 1599 1389 1654 κινουμένης
1414 1599 1486 1653 μὲν
1510 1600 1631 1641 οὐδα-

223 1676 258 1702 20
278 1675 372 1720 μῶς,
396 1669 595 1720 δοκούσης
621 1667 685 1717 δέ;
711 1672 866 1722 κροτεῖν
890 1667 968 1709 ἔδει
993 1682 1039 1721 με
1063 1666 1131 1708 καὶ
1155 1671 1453 1719 στεφανοῦσθαι
1476 1665 1542 1706 καὶ
1564 1682 1632 1719 χα-

351 1787 394 1819 15
427 1784 494 1819 VII
515 1783 563 1830 β’,
588 1782 677 1828 ρλγ’.
710 1783 766 1818 Va
790 1781 832 1827 ξ,
857 1781 951 1827 ρκα’.
985 1782 1038 1818 Ῐό
1063 1781 1134 1829 (ξ),
1158 1781 1254 1826 ρκοί.
1282 1781 1359 1818 Mo.
1379 1781 1409 1817 S
1425 1779 1472 1825 δ’,
1498 1780 1558 1824 ξζ.
1587 1781 1635 1816 Vi

278 1830 382 1878 [ρμ’].
416 1831 468 1867 W
487 1830 550 1874 ρζ.
585 1831 684 1867 de
709 1829 800 1876 ρλα’.
827 1830 903 1867 Aa»

350 1942 372 1974 6
398 1938 443 1974 cf.
462 1949 520 1983 ep.
542 1941 622 1973 6⁶25.
649 1937 791 1973 Sievers
818 1940 886 1973 196
911 1939 988 1972 not.
1009 1940 1055 1972 48
1165 1940 1210 1972 16
1235 1935 1282 1972 cf.
1301 1946 1360 1981 ep.
1381 1938 1461 1971 ¹115.
1488 1934 1633 1971 Sievern

284 1989 331 2020 90
356 1988 433 2021 not.
454 1989 510 2021 20.
525 1988 606 2020 2⁷⁷.
633 1984 752 2021 Seeck
777 1988 833 2020 46.
855 1988 923 2020 392
1000 1987 1043 2020 18
1069 1984 1115 2020 cf.
1135 1983 1185 2019 ud
1203 1985 1230 2019 t.
1249 1983 1283 2020 V
1301 1986 1418 2027 839,6

354 2097 371 2128 1
399 2092 515 2128 αὐτὸν
541 2093 617 2128 Ath
689 2095 710 2126 2
737 2089 883 2128 ἐοικίαυ
909 2091 965 2126 Va
1037 2094 1059 2126 3
1083 2089 1141 2133 τίς
1165 2091 1256 2126 VVo
1283 2091 1292 2135 1
1319 2090 1387 2131 τὰς
1405 2100 1467 2126 om
1493 2089 1562 2125 Mo

280 2146 302 2176 4
329 2140 411 2186 ἄγει
438 2141 487 2176 Vo
496 2141 565 2175 Mo
608 2139 710 2186 ἄγων
735 2139 812 2175 Ath
883 2143 904 2174 5
931 2138 1042 2174 κενόν
1069 2138 1125 2174 Va
1160 2137 1276 2174 καλὸν
1303 2137 1372 2174 Mo
1445 2140 1467 2172 ὅ
1491 2136 1632 2172 παιδα-

279 2193 410 2234 γωγῶν
436 2188 489 2224 Vo
513 2187 579 2223 sed
604 2193 658 2222 ῶν
677 2198 721 2222 ex
747 2185 793 2223 ὸν
811 2196 894 2222 corr
911 2186 967 2220 m·
1034 2189 1053 2221 7
1075 2184 1147 2233 ὅτι]
1172 2197 1208 2221 τι
1234 2185 1308 2221 Aa·
1329 2185 1334 2225 Ι
1356 2185 1420 2220 δεῖ
1439 2195 1501 2220 om
1526 2183 1604 2220 Ath

282 2240 325 2271 12
352 2249 392 2281 γε
421 2234 555 2281 scripsi
580 2236 733 2270 auctore
757 2234 813 2269 Re
846 2247 885 2270 n
911 2232 999 2268 libri
1024 2233 1091 2269 ned
1110 2244 1171 2269 om
1189 2232 1278 2276 Aa».
1296 2231 1405 2269 Wolf
1473 2234 1518 2267 18
1541 2228 1636 2271 θεὸς

281 2286 321 2319 et
345 2283 423 2328 δώη
448 2283 477 2320 S
531 2287 574 2318 14
599 2288 756 2318 τοιαῦτα
780 2281 930 2328 reposui
950 2292 972 2317 ο
989 2280 1097 2316 libris
1132 2280 1197 2316 καὶ
1220 2285 1339 2316 ταῦτα
1363 2277 1470 2316 Wolf
1521 2281 1565 2315 1⁶
1583 2279 1636 2326 τῷ

280 2331 381 2378 αὐτῷ
407 2330 446 2376 (i.
465 2341 496 2365 e.
513 2327 684 2377 Ἀκακίῳ)
708 2330 737 2366 S
822 2333 863 2364 17
891 2327 959 2374 μὲν
985 2329 1061 2365 Aa»
1105 2329 1111 2375 1
1156 2326 1327 2375 Ἀθηνᾶς]
1353 2324 1482 2372 φιλίας
1498 2325 1528 2363 S
1541 2326 1589 2362 Vs·

349 2391 393 2424 γρ
409 2378 647 2423 ἐπεδώκαμεν

284 2428 327 2460 19
352 2424 638 2470 ἐσπουδάκαμεν
662 2424 691 2461 S
734 2425 741 2470 Ι
784 2419 807 2468 ἦ
834 2423 900 2460 sed
918 2426 933 2434 ”
956 2422 997 2459 e'
1025 2434 1108 2459 cort
1131 2423 1208 2459 Ath
1236 2424 1243 2466 1
1264 2422 1438 2468 οὐδαμῶς
1461 2419 1595 2467 aoripai
1613 2430 1636 2456 e

292 2473 381 2509 VVa
390 2473 443 2510 Vo
452 2473 556 2509 Mos
571 2473 616 2509 Vs·
630 2472 729 2508 Vina
739 2473 814 2508 Ath
856 2471 1025 2516 οὐδαμοῦ
1057 2471 1110 2507 W
1128 2468 1237 2506 Wolf
1300 2473 1346 2505 20
1371 2468 1431 2516 με]
1455 2468 1494 2505 τὲ
1519 2467 1596 2505 Ath
