1806 2964
295 228 381 271 666
876 229 1059 265 LIBANn

217 347 269 382 W
298 352 364 384 651
912 338 1025 391 ψλθ’.

766 420 1029 480 Ἀνατολίῳ.
1063 428 1170 471 (362)

363 510 398 546 1.
426 502 536 559 Ὑμῖν
567 505 638 559 μὲν
670 507 730 559 εἴη
763 509 1052 561 καλλιερεῖσθαι
1082 505 1148 546 καὶ
1178 507 1384 560 τυγχάνειν
1414 514 1493 548 τῶν
1523 512 1646 561 θεῶν,

295 579 366 612 τοῦ
396 587 435 612 τε
460 578 539 612 τῶν
563 574 748 612 Μουσῶν
773 569 966 625 ἡγεμόνος
991 571 1059 611 καὶ
1083 577 1153 612 τοῦ
1177 572 1220 613 τὸ
1247 571 1337 626 ὅρος
1362 571 1561 626 λαχόντος,
1585 572 1646 614 λέ-

256 651 274 677 5
294 653 401 691 γεται
425 636 500 691 γὰρ
526 637 575 690 δὴ
602 636 784 690 βασιλεὺς
803 636 1080 690 ἀναβήσεσθαι
1097 635 1248 678 κάκεῖσε
1267 637 1341 690 τὴν
1359 637 1531 691 χαλεπὴν
1550 637 1647 680 ὁδὸν

296 703 440 759 ῥᾳδίαν
465 701 699 757 ἡγούμενος,
724 703 760 743 εἰ
782 702 991 755 προξενοίη
1017 702 1170 755 βωμόν·
1201 701 1267 756 ἐμὲ
1292 702 1334 744 δὲ
1359 703 1437 744 ἔδει
1462 702 1533 755 μὲν
1563 719 1646 745 κοι-

295 771 440 808 νωνεῖν
467 764 534 808 καὶ
560 766 658 808 ὁδοῦ
682 767 749 808 καὶ
773 767 899 821 εὐχῶν
923 767 990 808 καὶ
1015 768 1132 822 ἱερῶν
1155 767 1221 809 καὶ
1246 767 1404 821 βλέπειν
1428 769 1484 816 εἰς
1508 769 1551 811 τὸ
1576 777 1647 811 τοῦ

297 831 485 885 βασιλέως
515 833 688 887 γε’νειον,
720 825 751 889 ᾦ
781 837 923 886 κοσμεῖ
949 832 1021 885 τὴν
1051 834 1285 888 πορφύραν,
1316 841 1363 890 τῇ
1390 835 1499 890 Τύχῃ
1531 833 1573 875 δὲ
1597 834 1647 876 οὐ

297 905 416 939 ταῦτα
453 898 606 950 ἔδοξεν,
646 898 743 939 ἀλλά
781 913 826 951 με
863 898 1021 952 πληγὴν
1059 899 1148 939 οἴαν
1185 898 1233 940 οὗ
1270 900 1461 953 πρότερον
1497 899 1646 952 ἔπληξε.

238 978 277 1005 ιο
300 966 337 1003 2.
362 963 429 1004 καὶ
454 964 626 1016 διῆλθον
650 962 700 1004 ἂν
724 963 814 1018 περὶ
838 963 974 1017 αὐτῆς,
999 963 1037 1004 εἰ
1059 963 1112 1017 μὴ
1138 964 1207 1005 τὸν
1225 963 1388 1017 ἄμεινον
1406 971 1476 1017 τῆς
1494 963 1647 1005 ἐπιστο-

296 1032 368 1082 λῆς
392 1029 559 1082 ἐροῦντα
584 1029 653 1070 τὸν
678 1029 846 1082 χρηστὸν
870 1025 967 1087 εἶχες
985 1025 1216 1082 Ὀλύμπιον,
1240 1027 1285 1078 ὃς
1309 1029 1376 1070 καὶ
1400 1036 1533 1083 παρῆν
1550 1027 1648 1082 ἡμῖν

295 1094 363 1135 καὶ
388 1095 630 1149 συνεδάκρυε
654 1095 720 1135 καὶ
746 1098 853 1148 χεῖρα
877 1094 997 1150 ὤρεγε
1022 1094 1089 1135 καὶ
1107 1095 1234 1135 πάντα
1255 1091 1374 1136 οἶδεν.
1408 1098 1446 1136 3.
1471 1090 1587 1144 οὗτος
1606 1094 1650 1136 δέ

295 1159 401 1201 ἐστιν
425 1160 588 1213 ἐκεῖνος,
613 1158 662 1201 ὃν
683 1160 946 1208 ἐπαινοῦντος
965 1159 1063 1213 ἐμοῦ
1082 1160 1293 1214 ἐγγράφειν
1312 1159 1466 1213 ἕτοιμος
1483 1160 1540 1209 εἰς
1557 1161 1650 1210 τοὺς

296 1227 439 1277 φίλους
463 1221 587 1278 ἦσθα,
612 1225 679 1266 καὶ
703 1226 916 1280 προσάγειν
941 1225 1008 1266 τὸν
1031 1224 1159 1278 ἄνδρα
1184 1224 1396 1274 ἐκέλευσας.
1434 1225 1500 1266 καὶ
1527 1232 1649 1266 ταῦτα

241 1304 277 1331 15
297 1287 381 1332 οἶδε
411 1291 478 1332 καὶ
508 1289 534 1344 ἡ
558 1290 749 1344 ἄμπελος,
780 1287 854 1343 ὑφ’
876 1289 929 1343 ἣν
960 1298 1265 1346 περιπατοῦντες
1288 1290 1532 1343 ἐποιούμεθα
1555 1291 1650 1340 τοὺς

297 1357 440 1410 λόγους
464 1357 616 1411 ἔχοντες
639 1353 734 1410 παρ’
757 1356 881 1409 αὐτῆς
907 1355 1055 1397 ὁπόσον
1074 1355 1125 1396 ἄν
1144 1372 1202 1406 τις
1221 1355 1259 1405 ἐξ
1280 1355 1443 1411 ὀροφῆς.
1471 1358 1509 1397 4.
1535 1354 1556 1396 ὃ
1576 1354 1649 1409 μὲν

298 1417 372 1462 οὖν
396 1418 607 1475 Ὀλύμπιος
632 1422 798 1464 ἐνέκειτό
825 1437 892 1475 μοι
916 1424 1026 1475 βοῶν
1050 1422 1219 1476 εἰσάγειν
1244 1421 1381 1474 αὑτόν,
1405 1420 1481 1476 ἐγὼ
1507 1420 1549 1462 δὲ
1570 1421 1649 1462 ὑπὸ

297 1494 431 1528 κακῶν
458 1489 611 1540 μυρίων
630 1488 828 1542 εἰργόμην.
861 1486 943 1529 ἐπεὶ
964 1485 1007 1528 δὲ
1026 1487 1075 1528 οὐ
1095 1486 1206 1541 φέρει
1223 1486 1297 1540 τὴν
1316 1487 1459 1539 ζημίαν
1477 1485 1650 1539 ἀκούων,

298 1552 351 1602 ὡς
383 1552 403 1594 ὁ
437 1555 556 1607 μικρά
586 1566 649 1594 σοι
681 1552 966 1607 συγγενόμενος
997 1551 1202 1606 ἀπέρχεται
1233 1552 1547 1607 φρονιμώτερος,
1581 1552 1650 1592 τὸν

239 1632 280 1659 30
299 1619 482 1670 δεύτερον
512 1618 670 1671 ἐζήτησε
700 1622 848 1671 πλοῦν,
877 1619 1086 1672 γράμματα
1117 1617 1191 1670 ἐμὰ
1221 1613 1309 1658 ἀντ’
1330 1616 1447 1671 ἐμοῦ,
1477 1617 1544 1658 καὶ
1576 1616 1650 1658 οὐκ

298 1683 458 1736 ἔμελλον
485 1685 617 1737 δήπου
637 1684 690 1737 μὴ
712 1684 866 1724 δώσειν.
894 1686 932 1724 5.
958 1683 1029 1724 σὸν
1049 1680 1086 1723 δ’
1103 1681 1154 1723 ἂν
1172 1683 1234 1736 εἴη
1253 1683 1323 1724 τὸν
1342 1683 1525 1737 δεύτερον
1543 1682 1650 1738 αὐτῷ

297 1757 369 1791 τοῦ
401 1751 621 1803 κρείττονος
654 1749 708 1802 μὴ
738 1750 851 1802 χείρω
882 1755 1122 1802 καταστῆσαι
1151 1751 1301 1801 πλοῦν,
1333 1748 1441 1797 ὅπως
1472 1743 1587 1797 οὗτός
1610 1762 1651 1789 τε

300 1817 429 1868 χαίροι
454 1814 519 1855 καὶ
544 1815 590 1854 τὰ
614 1815 821 1869 γράμματά
846 1829 923 1867 μου
949 1818 1102 1870 τιμῷτο.

373 1935 390 1965 1
426 1931 492 1965 Vn
514 1929 560 1976 β’,
587 1928 671 1974 92(-
703 1929 759 1965 Va
783 1928 824 1972 ζ’,
851 1929 943 1974 ρκς’.
976 1929 1029 1965 Vo
1054 1928 1122 1975 (ζ’),
1149 1928 1241 1973 ρκς’.
1269 1929 1347 1965 Μο.
1373 1928 1449 1964 Ath

372 2042 392 2072 ‘2
421 2036 564 2073 Sievers
591 2040 660 2072 11⁶
685 2038 761 2072 not.
783 2038 839 2072 67.
866 2035 984 2071 Seeck
1004 2038 1050 2071 68
1069 2035 1131 2071 IV.
1150 2039 1220 2070 393
1311 2038 1334 2070 4
1359 2034 1406 2071 cf.
1425 2035 1452 2071 t.
1472 2033 1506 2069 11
1525 2037 1606 2076 311,
1620 2039 1650 2069 1.

298 2086 421 2120 Amm.
441 2084 554 2120 Mare.
572 2083 675 2120 XXII
696 2088 750 2127 14,
765 2087 787 2118 4
861 2088 904 2119 11
931 2083 1050 2119 Seeck
1074 2086 1143 2118 223
1217 2086 1263 2117 20
1290 2081 1489 2118 Salzmann
1515 2085 1560 2117 55

372 2196 393 2227 3
413 2190 522 2237 ‘'1'va
541 2191 673 2238 scripsi
698 2202 719 2226 e
746 2191 944 2228 VaVoAth
978 2190 1067 2237 ἡμῖν
1092 2190 1199 2226 VMo
1224 2188 1331 2225 Wolf
1386 2193 1408 2225 4
1432 2194 1543 2225 τοῦτο
1562 2190 1649 2224 ante

297 2240 342 2275 τὸ
367 2240 468 2275 inser
493 2240 562 2276 Mo
635 2244 656 2274 5
682 2238 775 2275 ὁδὸν
799 2250 860 2274 om
885 2239 961 2275 Ath
1034 2241 1052 2273 7
1080 2238 1199 2284 εὐχῶν
1223 2237 1288 2273 καὶ
1319 2235 1410 2273 ὁδοῦ
1434 2237 1510 2273 Atta
1582 2238 1604 2270 8
1631 2234 1651 2272 ὃ

299 2288 377 2323 Ath
462 2291 482 2323 9
507 2286 628 2332 πληγὴ
654 2285 716 2323 οἵα
741 2287 812 2323 Μο
856 2288 861 2331 Ι
907 2285 1062 2331 ἔπληξαν
1087 2285 1163 2321 Atta
1249 2287 1293 2320 10
1312 2284 1354 2320 τὸ
1383 2284 1497 2320 VaVo
1521 2283 1588 2319 sed
1612 2283 1651 2318 in

297 2335 372 2370 hoc
397 2349 419 2371 ν
444 2335 521 2371 add
544 2335 612 2377 m⁴,
637 2335 712 2371 Ath
786 2338 827 2370 11
855 2330 955 2380 εἶχον
980 2333 1056 2369 Ath
1129 2336 1173 2368 12
1199 2330 1428 2375 συνεδάκρυε
1453 2331 1586 2377 scripsi
1605 2341 1650 2366 ex

300 2383 377 2419 Ath
414 2382 664 2426 συνεδάκρυσε
689 2381 844 2418 VVaVo
854 2383 921 2418 Mo
945 2379 1053 2416 Wolf
1129 2383 1173 2415 13
1199 2378 1243 2415 ὃν
1267 2390 1328 2415 om
1353 2380 1429 2415 Ath
1503 2382 1548 2414 14
1573 2377 1652 2415 ἐκέ-

296 2433 402 2472 λευες
426 2430 502 2467 Ath
569 2433 612 2465 17
638 2427 755 2465 αὐτόν
778 2428 866 2464 libri
891 2428 999 2464 Wolf
1061 2430 1107 2462 20
1132 2426 1202 2473 ἐμὰ
1226 2426 1375 2473 reposui
1401 2438 1422 2462 e
1446 2425 1551 2462 libris
1577 2438 1649 2472 μου

296 2478 409 2515 Wolf
