1806 2964
614 197 885 235 EPISTULAE
911 201 1103 234 236—238
1204 198 1207 200 ’
1457 196 1548 240 221

165 328 252 368 μαι.
295 311 400 367 ἀνὴρ
424 311 500 368 γὰρ
526 308 576 366 εἴ,
603 312 708 366 μάλα
732 310 858 365 ἀνήρ,
882 310 950 352 καὶ
974 309 1108 366 ἅρχων
1132 309 1249 360 εἰδὼς
1274 311 1379 365 μάλα
1404 308 1550 365 ἄρχειν.

167 381 208 421 3.
223 379 261 421 εἰ
278 377 321 421 δὲ
339 378 466 420 πολλὰ
487 379 555 419 δεῖ
567 378 843 433 μεταχειρίζειν
861 376 930 418 καὶ
947 376 1157 432 ἄγρυπνον
1176 376 1333 432 ἀνάγκη
1346 375 1551 429 πέτεσθαι,

165 445 294 502 τούτῳ
313 445 482 499 μηνύεις
501 442 524 486 ὃ
543 445 666 486 πάλαι
685 444 882 497 ἐπόθουν,
908 442 962 493 ὥς
986 444 1029 486 τὸ
1049 444 1268 485 καθεύδειν
1293 459 1333 485 τε
1357 443 1426 485 καὶ
1449 447 1553 484 καθ-

170 516 301 566 ῆσθαι
337 518 419 553 τῶν
449 515 629 565 πολλῶν,
661 509 704 552 σὲ
736 508 779 551 δὲ
813 506 916 551 εἶναι
950 511 1017 551 δεῖ
1039 517 1120 551 τῶν
1146 510 1196 552 ού
1220 513 1391 551 πολλῶν.
1436 513 1476 550 4.
1501 515 1550 566 τῇ

168 577 243 632 μὲν
262 572 338 620 οὖν
356 577 456 635 ἄλλῃ
476 582 634 632 θαρρῶ,
660 576 823 619 δέδοικα
842 576 948 618 δὲῖν
968 576 1108 631 μόνον,
1127 583 1208 618 τῶν
1228 577 1370 626 ξενίων
1389 575 1432 617 τὸ
1451 579 1549 629 πλῆ·
1588 591 1606 618 ⁶

167 649 261 699 θος,
286 643 314 685 ἃ
338 643 470 699 ὥσπερ
496 642 745 697 ὀφειλήματα
770 643 1011 684 ἀπαιτοῦσιν
1029 644 1072 684 οἰ
1087 647 1233 698 φαγεῖν
1252 642 1415 698 ἀγαθοί.
1440 641 1551 683 τουτὶ

167 710 244 767 γὰρ
271 710 346 753 ούκ
371 710 453 752 ἔστι
477 710 660 759 διανοίας
684 709 820 764 ἄρχειν
845 708 1123 763 ἐπισταμένης,
1148 705 1227 750 ἀλλ’
1243 709 1435 764 εὐπορίας
1453 709 1549 749 δοῦ-

168 793 239 819 ναι
263 776 503 831 δυναμένης.
542 775 605 818 σοὶ
631 775 675 818 δὲ
699 775 726 817 ἃ
752 775 899 817 δέδωκε
919 776 963 818 τὸ
982 776 1283 831 συναγορεύειν,
1303 775 1483 828 ἀνήλωκε
1505 774 1549 816 τὸ

165 842 316 900 ἄρχειν.
362 845 400 885 5.
426 843 588 897 ἔπεμψα
612 842 656 884 τὸ
682 844 854 897 βιβλίον,
879 842 930 884 σὺ
956 842 1013 895 δέ,
1043 843 1080 883 εἰ
1103 843 1239 896 σχολή,
1263 842 1358 891 τοὺς
1383 841 1549 894 φιλοσό-

166 925 277 962 φους
302 909 387 964 ὅρα.
1568 922 1603 949 ιο

809 996 906 1053 σλη’.
1042 1006 1091 1042 W
1111 1011 1179 1043 241
1202 1007 1358 1054 (Anecd.
1378 1008 1403 1042 t.
1418 1005 1469 1042 111
1481 1018 1518 1052 p.
1534 1008 1620 1051 282)

609 1081 918 1141 Ἰταλικιανῷ.
958 1094 1051 1137 (360
1063 1091 1100 1137 .9)

233 1172 270 1210 1.
291 1162 557 1210 ’.Επαινοῦντί
579 1183 648 1221 μοι
671 1168 747 1221 τὴν
772 1168 849 1222 σὴν
869 1169 1010 1221 φύσιν,
1034 1167 1103 1209 καὶ
1121 1168 1195 1223 γὰρ
1215 1168 1429 1223 ἐτύγχανεν
1448 1166 1548 1221 ἡμῖν

168 1234 288 1290 λόγος
311 1251 371 1284 τις
397 1233 454 1275 ὢν
485 1233 586 1289 ὑπὲρ
612 1233 816 1289 ἀρχόντων
842 1234 983 1290 ἀρετῆς
1008 1234 1075 1275 καὶ
1100 1230 1153 1288 ἦν
1180 1234 1314 1288 δήπου
1341 1234 1390 1275 σὰ
1415 1234 1462 1275 τὰ
1487 1250 1546 1274 νι-

168 1301 355 1357 κητήρια,
379 1323 428 1330 -
452 1307 616 1342 τοιαῦτα
641 1300 692 1354 δὴ
717 1299 835 1354 ἡμῶν
860 1301 1151 1356 διαλεγομένων
1169 1300 1236 1342 καὶ
1254 1300 1547 1354 ψηφιζομένων
1569 1314 1602 1340 15

167 1367 338 1422 ἐνέθηκε
357 1373 404 1424 τῇ
424 1366 523 1422 χειρὶ
541 1367 616 1420 τὴν
633 1367 844 1420 ἐπιστολὴν
863 1367 1060 1421 βέλτιστος
1084 1368 1287 1421 βελτίστου
1309 1367 1472 1422 πατρός,
1491 1363 1547 1408 εἶ-

169 1449 244 1475 πεν
277 1433 329 1475 ἂν
354 1435 546 1487 Πλάτων,
576 1429 791 1487 Ὀλύμπιος
823 1436 1108 1489 Πομπηιανοῢ.
1144 1434 1211 1475 καὶ
1238 1434 1322 1487 ἅμα
1350 1449 1390 1475 τε
1416 1433 1546 1489 ἀνεγί-

245 1564 289 1597 11
322 1562 392 1598 VH
414 1561 463 1607 α’,
496 1560 587 1598 σιθ’.
626 1562 683 1598 Va
708 1561 754 1608 γ’,
780 1561 848 1602 λς’.
887 1563 940 1599 Vo
966 1563 1011 1610 γ’,
1038 1562 1104 1602 λς’.
1139 1563 1168 1600 S
1191 1562 1240 1607 α’,
1266 1562 1335 1600 λα’.
1376 1563 1423 1599 Vi
1448 1562 1544 1609 ρμδ’.

179 1609 280 1646 Vind
303 1610 370 1656 ξγ’.
397 1611 454 1647 Be
479 1609 563 1658 [νζ]

244 1735 267 1765 8
292 1730 412 1767 Seeck
437 1733 508 1766 244
608 1734 653 1766 12
680 1730 799 1767 Seeck
825 1734 905 1767 187.
933 1734 1014 1767 874.
1042 1730 1209 1767 Silomon
1235 1735 1281 1767 48
1376 1736 1420 1767 16
1445 1731 1545 1768 Plat.

170 1787 275 1814 conv.
295 1790 332 1824 p.
348 1777 461 1814 214ss
538 1782 582 1815 1⁷
609 1778 727 1815 Seeck
752 1782 833 1815 223.
861 1782 929 1815 241

247 1901 266 1934 1
293 1895 382 1944 μάλ’
403 1899 445 1935 D
490 1900 498 1945 Ι
543 1898 674 1946 ἄρχειν
700 1898 856 1936 VaVoS
879 1899 946 1935 sed
971 1899 1012 1935 in
1036 1899 1109 1936 hoc
1134 1913 1179 1946 γρ
1205 1899 1332 1947 ἄρχων
1357 1900 1397 1935 in
1421 1911 1544 1948 marg,

171 1945 229 1982 Bo
249 1946 256 1992 Ι
277 1945 388 1988 εἰδὼς
412 1945 512 1993 μάλα
537 1947 568 1984 S
590 1947 659 1983 sed
683 1961 728 1993 γρ
754 1946 854 1993 μάλα
880 1946 1127 1994 ἐπιστάμενος
1151 1948 1193 1983 in
1217 1958 1328 1995 marg
1358 1950 1364 1995 Ι
1395 1949 1546 1985 ἐπιστά-

171 2005 285 2040 μενος
310 1994 409 2031 Vina
453 1996 460 2041 Ι
506 1993 637 2042 ἄρχειν
664 1996 717 2032 Vo
742 1995 809 2033 sed
835 2008 893 2032 ειν
918 1995 959 2031 in
984 2010 1038 2032 ων
1064 2007 1149 2032 corr
1171 1996 1230 2032 m²
1321 2000 1343 2032 2
1369 1996 1404 2032 εἰ
1428 1997 1471 2034 δὲ
1500 1996 1545 2035 ὃν

171 2041 291 2078 πολλὰ
316 2043 378 2078 δεῖ
408 2041 692 2090 μεταχειρίζειν,
723 2043 790 2079 καὶ
824 2044 1035 2091 ἀγρυπνεῖν
1066 2044 1215 2091 ἀνάγκη
1248 2045 1315 2080 καὶ
1347 2043 1545 2092 πέτεσθαι,

168 2094 280 2125 τοῦτο
306 2089 461 2136 μηνύεις
485 2091 572 2127 coni
597 2091 653 2127 Re
674 2093 680 2137 Ι
703 2092 773 2138 δεῖ]
800 2091 850 2138 δὴ
876 2092 917 2128 D
986 2096 1008 2128 3
1034 2092 1154 2141 τούτῳ
1173 2092 1310 2139 scripsi
1329 2104 1416 2129 cum
1438 2095 1546 2131 Mos-

170 2139 302 2183 quemi
336 2143 447 2175 τοῦτο
467 2138 607 2184 reliqui
626 2139 716 2175 libri
735 2138 844 2175 Wolf
918 2143 942 2175 4
961 2142 1010 2176 τὰ
1023 2139 1092 2187 μὲν
1113 2138 1182 2177 οὖν
1201 2139 1296 2176 ἄλλα
1324 2142 1372 2178 Vi
1433 2146 1454 2178 5
1475 2140 1546 2180 οὖν

173 2195 237 2221 om
262 2186 319 2222 Bc
386 2190 406 2222 6
433 2187 637 2223 ἀπαιτοῦσι
662 2188 762 2224 Vina
782 2188 788 2233 Ι
809 2188 919 2224 ταυτὶ
946 2189 992 2225 Vi
1054 2192 1074 2224 ⁷
1093 2189 1164 2225 οὐκ
1189 2188 1244 2225 ἔτι
1267 2188 1309 2225 D
1336 2189 1443 2226 Wolf
1461 2190 1522 2226 An

175 2232 301 2270 οὐκέτι
309 2234 399 2272 Vos
415 2235 459 2271 Vi
469 2235 566 2272 Vind
574 2236 631 2272 Be
651 2236 657 2282 Ι
680 2232 814 2271 ἀλλ’-
826 2239 849 2271 8
862 2235 1078 2283 δυναμένης
1096 2248 1158 2273 om
1172 2237 1213 2273 D
1256 2240 1276 2272 7
1298 2236 1480 2299 ἐμπορίας
1503 2239 1548 2276 Π

247 2284 270 2316 8
296 2279 317 2318 ὃ
343 2281 452 2319 Wolf
519 2286 541 2319 9
567 2284 628 2320 σοὶ
655 2283 957 2321 VVaVoSDBe
1002 2285 1008 2331 Ι
1054 2282 1092 2320 δ’
1123 2285 1171 2320 Vi
1245 2288 1290 2320 12
1329 2289 1554 2336 Ιταλικιανῷ

176 2328 329 2365 cultello
355 2330 598 2377 absumptum
623 2332 680 2368 Be
721 2335 951 2381 πομπηιανῷ
969 2333 1000 2370 S
1033 2333 1216 2379 θεμιστίω
1243 2334 1290 2370 Vi
1370 2338 1416 2370 13
1442 2334 1548 2382 ἐτύγ-

175 2388 267 2423 χανε
291 2378 350 2414 Be
373 2377 482 2414 Wolf
501 2378 562 2414 An
654 2382 699 2415 14
725 2380 861 2426 ἀρετῆς
885 2379 1081 2427 ἀρχόντων
1108 2381 1154 2417 Vs·
1198 2382 1204 2427 Ι
1249 2381 1316 2417 καὶ
1341 2381 1548 2419 delendum

176 2426 306 2460 oon-et
329 2424 385 2461 Re
459 2429 503 2462 15
530 2426 578 2473 δὴ
598 2427 733 2474 scripsi
758 2438 779 2463 e
806 2428 842 2464 V
872 2427 917 2464 δὲ
934 2428 1074 2475 reliqui
1091 2428 1182 2465 libri
1194 2429 1303 2465 Wolf
1372 2434 1416 2466 17
1437 2428 1548 2478 ὀλύμ-

175 2483 264 2515 πιος
287 2474 344 2510 Be
364 2474 370 2519 Ι
393 2473 670 2521 ἀνεγίγνωσκον
686 2477 745 2512 Be
768 2474 878 2512 Wolf
