1806 2964
638 210 907 247 EPtsTULAE
933 214 1123 247 ενι-397
1239 183 1242 186 ’
1481 208 1568 253 391

194 327 318 368 πάλαι
351 325 403 367 ἂν
428 320 533 379 ἦσαν
557 322 672 365 αὐτοὶ
706 322 814 377 παρὰ
848 324 924 365 σοί.
976 326 1014 364 2.
1046 321 1073 376 ἡ
1094 321 1152 364 ’δὲ
1172 318 1435 371 Ἀπελλίωνος
1469 320 1571 376 ἀρχὴ

194 399 268 435 τοῦ
292 396 418 434 καλοῦ
443 392 510 433 σοί
530 405 569 432 τε
596 390 736 431 δίδωσι
761 390 838 443 πρὸ
866 396 935 443 τῆς
953 388 1145 443 ἡμετέρας
1165 387 1265 443 ὁρᾶν
1284 387 1423 443 ἀγαθὰ
1442 388 1571 445 τούτῳ

193 474 235 501 τε
259 458 337 513 πρὸ
362 465 441 500 τῶν
465 456 597 499 ἄλλων
615 456 791 510 ἐραστῶν
810 455 1027 497 ἀπολαύειν
1046 462 1126 497 τῶν
1146 456 1359 496 παιδικῶν.
1398 457 1436 495 3.
1463 458 1571 495 θαυ-

194 526 301 583 μάσῃ
321 524 364 566 δὲ
384 524 510 566 αὐτοῦ
528 523 572 566 τὸ
598 527 744 580 πρᾷον,
769 522 812 564 τὸ
837 521 999 574 ἄδολον,
1024 522 1068 564 τὸ
1094 525 1228 574 φιλεῖν
1254 520 1419 573 εἰδέναι,
1444 520 1488 562 τὸ
1514 521 1569 574 μὴ

191 592 342 634 εἰδέναι
361 591 584 642 κερδαίνειν
602 588 630 630 ἃ
650 590 704 642 μὴ
724 589 858 631 καλόν.
896 588 923 629 ἃ
947 593 1144 644 μαρτυρεῖ
1156 587 1230 642 μὲν
1249 589 1455 643 Αἴγυπτος
1475 586 1570 639 ἤδη,
1607 601 1626 629 5

193 658 342 712 φήσετε
367 656 410 699 δὲ
435 656 503 698 καὶ
526 656 641 709 ὑμεῖς
665 655 916 710 πειρώμενοι.

830 786 922 838 ταζῖ
1495 793 1542 830 w
1570 796 1644 830 899

689 870 902 930 Ἀλκίμῳ.
954 882 1060 926 (355)

257 963 294 1002 1.
323 955 585 1013 Ἐθρέψαμεν
616 958 714 1012 ὑμῖν
745 956 916 1012 ἄρχοντα
946 957 1014 998 καὶ
1046 956 1145 1012 μέγα
1177 962 1411 1011 φρονοῦμεν
1436 955 1487 998 οὗ
1512 959 1568 1004 τῷ

192 1027 362 1079 πολίτην
380 1025 515 1080 ἄρχειν
534 1023 737 1079 ἡμέτερον,
756 1019 840 1065 ἀλλ’
865 1025 924 1066 ὅτι
942 1021 1066 1076 οἶδεν,
1085 1024 1108 1065 ὅ
1126 1039 1163 1064 τι
1181 1022 1275 1065 ποτὲ
1295 1023 1413 1078 ἔργον
1433 1022 1567 1076 ἀρχῆς.
1587 1036 1624 1063 ιο

193 1088 277 1134 οἶδε
311 1092 387 1148 γὰρ
429 1092 488 1134 ὅτι
523 1093 590 1133 δεῖ
608 1092 677 1132 τὸν
702 1091 881 1133 ἐνταῦθα
912 1091 1110 1144 σχήματος
1142 1090 1334 1144 ἑστηκότα
1360 1089 1416 1143 μὴ
1441 1092 1568 1130 πλου-

193 1159 396 1212 σιώτερον,
421 1158 448 1200 ἀ
471 1155 508 1200 λ’
536 1157 791 1211 ἐνδοξότερον
815 1156 1135 1198 ἀπαλλάττεσθαι
1161 1156 1227 1197 καὶ
1261 1163 1425 1198 τοιαῦτα
1452 1157 1569 1207 δρᾶν,

191 1223 220 1266 ἃ
244 1226 402 1278 ποιήσει
428 1225 521 1274 τοὺς
551 1223 795 1279 ἀρχομένους
825 1222 1013 1278 εὔχεσθαι
1045 1225 1180 1276 μένειν
1206 1222 1344 1272 αὑτοῖς
1369 1222 1443 1274 τὴν
1468 1237 1567 1276 προ-

192 1292 369 1333 στασίαν.
409 1295 448 1332 2.
475 1291 692 1346 Αἰγύπτιοι
711 1289 784 1343 μὲν
804 1284 879 1331 οὖν
898 1291 1087 1339 πολλάκις
1111 1296 1235 1330 ταῦτα
1259 1287 1441 1339 εὔξαντο,
1465 1287 1567 1343 πρὸς

192 1356 236 1400 δὲ
261 1357 366 1412 ὑμᾶς
390 1357 433 1400 τὸ
453 1357 593 1410 κέρὸος
612 1356 889 1410 μεταβέβηκεν.
929 1355 950 1398 ὁ
972 1355 1014 1398 δὲ
1035 1359 1166 1408 φιλῶν
1185 1371 1233 1409 με
1257 1355 1368 1396 πάνυ
1394 1354 1567 1407 σφόδρα,
1587 1366 1623 1393 15

191 1425 281 1466 τίνα
305 1425 471 1478 μάλιστα
497 1424 662 1476 φιλοίην
686 1429 765 1464 τῶν
790 1418 886 1476 παρ’
914 1422 1026 1476 ὑμῖν,
1051 1421 1188 1477 ἤρετο,
1223 1422 1332 1470 ὅπως
1364 1421 1471 1477 αὐτῷ
1504 1421 1567 1474 εἴη

191 1492 322 1544 φίλος.
373 1490 448 1546 ἐγὼ
475 1490 518 1532 δὲ
543 1489 719 1539 ἀκούσας
743 1489 786 1531 τὸ
813 1491 1034 1542 μάλιστα,
1060 1488 1161 1544 πρὸς
1187 1487 1230 1530 σέ
1255 1503 1294 1529 τε
1320 1487 1448 1537 εὐθὺς
1475 1485 1566 1540 ἠνέ-

191 1562 301 1612 χθην
325 1557 394 1598 καὶ
418 1556 500 1598 τὸν
515 1554 741 1609 Ἄλκιμον
767 1555 1040 1610 ἐφθεγξάμην.
1093 1558 1131 1596 3.
1158 1553 1180 1596 ὁ
1207 1553 1248 1595 δὲ
1281 1555 1433 1610 γράφε
1465 1554 1566 1594 τοί-

191 1639 282 1665 νυν
301 1623 394 1676 ἔφη,
419 1622 498 1664 καὶ
523 1629 685 1676 κομιῶ.
712 1629 850 1678 χαριῇ
875 1622 963 1678 γὰρ
990 1621 1045 1663 οὐ
1065 1626 1123 1678 τῷ
1140 1621 1398 1678 ληψομένῳ
1418 1619 1566 1661 πλέον

191 1689 219 1744 ἢ
243 1694 303 1749 τῷ
327 1689 537 1744 φέροντι.
562 1689 628 1731 καὶ
655 1688 883 1731 ἐπέστελλον
909 1684 1193 1742 συναρμόττων
1212 1694 1259 1743 τῇ
1285 1687 1470 1743 ἐπιστολῇ
1497 1699 1563 1727 σο-
1584 1698 1623 1725 80

191 1756 275 1810 φὸν
299 1756 520 1809 παιδευτὴν
536 1755 728 1809 ’Ἄλκιμον
753 1755 819 1796 καὶ
845 1754 1016 1809 ἄρχοντα
1041 1755 1199 1796 δίκαιον
1219 1750 1473 1795 Ἀπελλίωνα.

266 1865 284 1896 7
325 1863 371 1897 V1
393 1874 439 1907 y,
464 1859 534 1904 πί.
567 1860 624 1897 Va
649 1858 691 1906 ε’,
717 1860 778 1897 ιδ’.
811 1860 865 1897 Vo
890 1863 932 1905 ε’,
958 1858 1009 1897 ιδ’

268 1963 284 1992 1
313 1959 359 1993 cf.
382 1968 439 2003 ep.
467 1961 487 1992 3
514 1961 546 1992 4.
587 1955 704 1992 Seeck
739 1959 784 1991 79
865 1959 887 1992 8
913 1955 1059 1992 Sievere
1091 1958 1173 1992 285.
1213 1953 1333 1991 Seeck
1359 1958 1417 1991 52.
1444 1957 1515 1990 319

192 2008 214 2041 9
243 2005 479 2051 Apellionem
503 2004 552 2041 cf.
572 2004 596 2040 1.
618 2008 675 2040 21.
697 2015 754 2051 ep.
776 2007 857 2040 894.
878 2008 947 2041 896

265 2108 285 2136 4
305 2103 347 2138 τὸ
368 2104 505 2151 πρᾷον,
524 2099 566 2137 τὸ
580 2100 719 2137 ἄδολον
733 2100 833 2147 scrip
856 2101 903 2137 io
921 2101 1117 2144 mamaeae)
1153 2099 1195 2136 τὸ
1214 2099 1364 2138 ἄδολον,
1375 2099 1417 2136 τὸ
1437 2104 1564 2159 πρᾶον

198 2149 317 2186 VaVo
342 2139 451 2186 Wol‘f
544 2154 565 2184 ὃ
589 2149 683 2208 ἤδη.
716 2149 851 2194 φήσετε
882 2147 924 2185 ὸὲ
957 2148 1092 2194 acu-imi
1124 2159 1144 2184 ο
1177 2148 1209 2184 V
1243 2147 1314 2193 ἤδη
1347 2146 1390 2184 δε
1426 2148 1563 2192 φήσετε

199 2198 317 2234 VaVo
333 2197 439 2234 Wost‘
498 2202 539 2234 11
562 2211 595 2234 οι
587 2195 666 2234 ludet
684 2198 737 2233 Va
808 2202 850 2232 13
871 2198 1001 2239 αὐτοῖς
1023 2199 1044 2231 Ιι
1053 2197 1108 2232 bri
1133 2195 1239 2232 Wolf
1311 2200 1354 2231 14
1375 2206 1435 2231 ras
1457 2200 1477 2230 3
1499 2195 1565 2232 litt

188 2250 279 2282 aute
309 2245 510 2292 Αἰγύπτιοι
535 2246 590 2292 V!
613 2245 775 2290 ηὔξαντο
806 2246 838 2282 V
858 2245 924 2281 sod
958 2259 1006 2291 ηυ
1041 2245 1078 2280 in
1107 2256 1167 2280 ras
1196 2244 1265 2284 ω’,
1301 2244 1351 2279 Vo
1378 2243 1435 2279 W
1441 2243 1487 2279 if

194 2297 237 2330 17
263 2293 306 2330 τὸ
332 2294 450 2340 scrip
456 2294 465 2329 i
494 2297 537 2330 ut
555 2294 639 2330 coni
668 2293 774 2329 Wolf
795 2293 841 2329 τὰ
869 2293 954 2329 {ibri
958 2259 1088 2329 ⁷¹'Wolt
1123 2294 1130 2341 Ι
1170 2293 1290 2334 εὐθὺς
1314 2292 1457 2328 inserui
1483 2304 1503 2327 ο
1532 2291 1568 2329 V

191 2353 254 2378 om
282 2343 337 2379 Va
349 2343 399 2379 Vo
427 2341 532 2378 Wolt
606 2346 647 2378 19
673 2341 744 2388 γὰρ
776 2342 806 2378 V
828 2341 895 2378 ned
920 2343 970 2386 ἀρ
996 2353 1079 2378 cort
1105 2341 1161 2376 ιη’
