1806 2964
279 229 367 272 546
863 226 1047 263 LIBANII

213 361 256 394 W
283 364 351 395 495
912 348 997 403 φπῖ

717 432 1058 491 Ἀρισταινέτῳ.
1091 437 1198 481 (357)

343 523 381 560 1.
406 515 531 573 Εἶχον
563 519 635 572 μέν
669 531 711 560 σε
742 517 910 573 ἐλέγχειν
941 517 1098 567 ἐκείνως
1130 517 1389 559 ἕπεσταλκότα
1419 515 1486 558 καὶ
1516 516 1565 558 οὗ
1597 517 1640 558 τὸ

280 584 335 637 μὴ
361 585 549 634 πολλάκις
575 586 730 639 λαβεῖν,
761 583 860 625 ἀλλὰ
890 583 934 624 τὸ
965 583 1020 636 μὴ
1046 583 1198 637 μακρὰς
1224 583 1480 636 αἰτιώμενον·
1506 582 1572 624 ἵνα
1598 582 1641 624 δὲ

246 664 262 690 5
283 650 338 704 μὴ
364 650 533 703 πόλεμος
563 649 606 692 ἐκ
631 656 775 705 μικροῦ
806 654 1032 703 σπινθῆρος
1060 648 1179 706 ἆφθῇ
1204 650 1271 690 καὶ
1295 649 1500 703 βάλλωμεν
1524 647 1639 702 ἀλλή-

282 719 375 765 λους
399 716 626 770 γράμμασιν
650 715 739 756 ἀντὶ
763 721 833 757 τοῦ
859 714 1014 769 τέρπειν
1033 714 1268 768 ἐπιστολαῖς,
1293 713 1475 756 δεδόσθω
1500 713 1542 755 σὲ
1567 712 1640 767 μὲν

281 788 399 834 τιμᾶν
425 780 472 822 τὰ
496 786 568 834 ’τῆς
592 782 909 834 Λακεδαίμονος,
933 779 999 833 ἐμὲ
1025 778 1067 821 δὲ
1093 781 1167 821 οὐκ
1192 779 1327 834 ὀρθῶς
1352 779 1540 835 ἐγκαλεῖν.
1573 779 1640 821 καὶ

281 848 374 888 νίκα
398 847 472 900 τὴν
497 848 616 900 νίκην
640 847 788 900 ταύτην
812 844 1042 899 ἡττημένων
1067 844 1183 899 ἡμῶν
1213 845 1396 888 ἑκόντων.
1442 849 1480 886 2.
1505 847 1639 900 βιβλία

282 912 325 954 δὲ
350 913 409 954 ὅτι
434 911 506 965 μὲν
530 911 703 966 ὑπέσχου
729 928 810 966 μοι,
834 911 931 965 ἐμὸν
958 910 1199 966 ἀναμνῆσαι,
1225 912 1284 954 ὅτι
1308 910 1351 953 δὲ
1376 911 1450 953 οὐκ
1474 911 1640 964 ἔδωκας,

231 991 264 1018 ιο
283 978 354 1019 σὸν
385 978 521 1020 εἰπεῖν.
564 978 626 1019 ὅτε
651 977 725 1033 γὰρ
751 977 794 1019 ἐν
819 984 866 1034 τῇ
891 978 1063 1033 Μεγάλῃ
1088 978 1199 1019 πόλει
1223 977 1296 1030 τὴν
1321 977 1443 1019 νόσον
1473 976 1548 1030 τὴν
1572 992 1639 1031 με·

282 1044 408 1098 γάλην
433 1043 645 1098 διαφυγὼν
669 1043 936 1098 ἀνεγίνωσκόν
968 1056 1029 1084 σοι
1055 1043 1195 1098 λόγον,
1226 1042 1391 1085 ἔπαινον
1415 1049 1486 1096 τῆς
1509 1045 1638 1096 Στρα-

280 1110 419 1164 τηγίου
446 1109 658 1164 θυγατρός,
682 1111 839 1164 βιβλίον
863 1125 900 1150 τι
924 1109 1094 1151 παλαιὸν
1117 1109 1174 1158 εἰς
1199 1108 1341 1158 κάλλος
1369 1106 1640 1163 γεγραμμένον

281 1174 565 1228 ἐθαυμάσαμεν
606 1175 757 1225 ἰδόντες
789 1175 857 1216 καὶ
900 1173 1180 1228 διελέχθημεν,
1211 1173 1265 1224 ὥς
1288 1170 1341 1228 ἧν
1374 1189 1468 1215 ποτε
1498 1174 1640 1223 κάλλος

282 1241 540 1295 γραμμάτων,
578 1247 655 1281 νῦν
688 1239 730 1282 δὲ
766 1240 840 1282 οὐκ
871 1240 987 1281 ἔστιν.
1041 1243 1078 1281 3.
1110 1240 1254 1282 ἐνιδὼν
1285 1240 1335 1293 δή
1374 1255 1443 1293 μοι
1480 1239 1529 1281 σὺ
1560 1246 1639 1281 τῶν

233 1318 266 1345 1⁵
285 1306 476 1347 τοιούτων
507 1305 730 1359 ἐπιθυμίαν
761 1306 862 1360 ἔχειν
893 1306 997 1359 ἔφης
1026 1305 1151 1347 πολλὰ
1181 1305 1248 1346 καὶ
1279 1312 1407 1359 κτῆμα
1440 1309 1639 1362 παππῷον

282 1371 348 1412 καὶ
367 1371 541 1424 πέμψειν
559 1371 639 1414 ἀπὸ
658 1371 729 1425 τὴς
746 1373 931 1421 Νικαίας.
951 1368 1033 1413 εἶτα
1052 1370 1189 1427 ἐγένου
1206 1372 1405 1420 Φίλιππος
1423 1370 1639 1425 ’ὑπισχνού-

284 1453 401 1490 μενος
421 1433 667 1490 Ἀθηναίοις.
704 1437 772 1479 καὶ
805 1436 954 1493 ἀγροὺς
985 1436 1057 1491 μὲν
1089 1436 1186 1491 ὑπὲρ
1210 1435 1325 1491 ἡμῶν
1354 1436 1487 1487 ἄλλοις
1517 1433 1640 1478 οἶσθα

284 1504 440 1556 δοῦναι,
465 1504 600 1557 βιβλία
625 1502 668 1545 δὲ
694 1502 793 1557 ἡμῖν
816 1503 893 1545 οὐκ
917 1500 1051 1545 οἶσθα.
1090 1506 1129 1544 4.
1155 1502 1233 1544 διὰ
1257 1504 1303 1545 τί
1324 1504 1348 1544 δ
1355 1503 1402 1556 ἧς
1426 1502 1556 1558 λέγοις.
1576 1501 1639 1544 ἄν.

282 1567 309 1621 ἢ
333 1568 544 1610 κάνταῦθα
575 1569 646 1611 τὸν
674 1570 876 1611 Φίλιππόν
911 1585 978 1622 μοι
1008 1569 1145 1623 καιρὸς
1178 1569 1320 1611 εἰπεῖν·
1353 1569 1407 1610 οὐ
1439 1569 1639 1610 δίδωσιν

358 1703 374 1732 1
411 1698 458 1733 V!
481 1697 527 1743 γ’,
552 1696 647 1740 σξθ’.
681 1698 738 1734 Va
762 1697 807 1743 ς’,
835 1690 911 1738 πς’.
946 1697 996 1734 Vo
1022 1696 1068 1742 ς’,
1092 1697 1156 1738 σις’

356 1820 376 1850 2
403 1817 449 1851 cf.
471 1828 528 1860 ep.
550 1820 631 1852 561.
657 1815 803 1852 Siovers
829 1820 913 1859 233,
926 1820 958 1851 3.
986 1815 1102 1851 Seeck
1128 1819 1186 1852 8‘1.
1213 1819 1281 1851 336
1368 1819 1389 1850 6
1415 1815 1529 1851 Arist.
1545 1825 1637 1861 pac.

286 1867 417 1909 eovsq.
493 1868 511 1899 7
540 1863 739 1900 Salzmann
766 1868 811 1900 34
886 1868 930 1899 10
956 1863 1003 1900 cf.
1024 1865 1051 1900 t.
1072 1863 1087 1899 1
1109 1867 1188 1908 121,
1209 1867 1292 1909 9sq.
1329 1862 1472 1899 Sievers
1498 1865 1543 1898 60

288 1915 393 1957 llsq.
421 1911 539 1947 Seeck
564 1915 633 1947 282
685 1915 728 1947 1⁶
754 1911 859 1947 Dem.
879 1910 975 1947 Phil.
996 1911 1030 1947 11
1049 1915 1069 1955 ς
1088 1914 1133 1946 23
1159 1923 1195 1958 p.
1216 1915 1273 1956 71,
1295 1914 1401 1956 lbsq.

358 2035 378 2066 3
406 2028 521 2078 Εἶχον
545 2030 612 2078 μέν
624 2031 772 2087 scripsi
797 2032 949 2066 auctore
974 2030 1030 2067 Re
1067 2030 1214 2077 εἴχομεν
1237 2029 1327 2066 libri
1347 2029 1455 2066 Wolf
1470 2031 1476 2076 Ι
1498 2029 1640 2071 ἐκεῖνος

294 2078 346 2115 Va
422 2082 466 2114 10
490 2077 596 2115 πόλει
621 2078 762 2115 inserui
786 2090 808 2116 ο
834 2079 930 2116 VVa
973 2089 1033 2114 om
1059 2078 1112 2115 Vo
1143 2077 1251 2114 Wolf
1314 2082 1356 2114 11
1384 2075 1637 2124 ἀνεγίνωσκον

285 2161 427 2243 ειῐξιὲιρῧέγ
442 2151 486 2233 ῐίἕ
510 2150 593 2234 οοίιὲ
618 2150 673 2186 Re
698 2151 966 2235 ἀνοίγιναέσῗὲον
990 2148 1206 2243 ligiam&
1195 2161 1258 2244 13⁷²
1261 2136 1641 2243 ἀνεγίγωσκιοῒνιὸἵιίξι·

429 2209 450 2233 o
617 2211 654 2234 τι
673 2209 733 2234 om
831 2211 851 2234 τ
924 2209 945 2234 ο
1103 2211 1117 2234 ι
1287 2210 1329 2234 εν
1385 2208 1407 2234 ο

289 2249 332 2281 15
357 2258 396 2282 τε
422 2247 509 2281 ante
535 2245 633 2292 ἔχειν
657 2245 744 2282 libri
770 2246 836 2282 sed
862 2245 960 2282 inser
988 2245 1053 2289 17⁸,
1077 2211 1286 2281 Ἦοὶίκημ
1224 2244 1345 2281 delevi
1383 2246 1391 2290 Ι
1430 2241 1641 2290 ἐπιθυμίαν

286 2293 485 2339 ἀφθονίαν
509 2307 548 2330 τε
573 2293 659 2330 coni
683 2294 739 2330 Re
773 2296 779 2339 Ι
811 2306 850 2329 τε
874 2295 963 2340 post
987 2293 1084 2340 ἔχειν
1108 2303 1192 2329 eras
1217 2293 1253 2330 V
1281 2295 1287 2339 Ι
1325 2293 1443 2329 πολλὰ
1468 2291 1600 2338 scripsi
1619 2302 1640 2327 e

293 2341 326 2374 V
348 2341 414 2376 sed
439 2355 464 2377 α
490 2340 528 2377 in
553 2355 602 2388 ην
627 2352 709 2377 con·
732 2341 884 2387 111⁸,Va
918 2341 1058 2387 πολλὴν
1086 2341 1135 2377 Vo
1154 2340 1261 2376 Wolf
1277 2342 1283 2387 Ι
1304 2343 1488 2389 παππῷον
1506 2339 1640 2385 scripsi

287 2399 306 2423 e
333 2390 368 2425 V
399 2390 591 2433 πατρώιον
613 2390 730 2426 VaVo
757 2389 863 2425 Wolf
950 2392 994 2424 16
1019 2386 1171 2430 νικαίας
1196 2389 1232 2425 V
1251 2389 1317 2424 sed
1341 2398 1401 2423 ras
1427 2398 1541 2434 supra
1566 2388 1639 2432 ι(1)

286 2437 324 2471 ct
349 2450 390 2520 (ξι
413 2437 451 2521 ign
478 2447 538 2521 rsss
562 2436 620 2472 m'
694 2440 737 2472 17
763 2437 827 2474 καὶ
851 2436 992 2473 inserui
1018 2447 1038 2472 e
1067 2436 1102 2472 V
1143 2447 1203 2472 om
1229 2436 1346 2473 VaVo
1369 2434 1478 2472 Wolf
1516 2435 1522 2482 Ι
1567 2434 1640 2481 γὰρ

285 2495 352 2529 pos
394 2498 415 2530 μ
440 2498 461 2521 ν
519 2497 544 2521 a
