1806 2964
629 251 899 289 EPISTULAE
924 253 1114 288 εσο-ῡοι
1471 247 1561 293 52Ἰ

187 371 359 410 ποιεῖται
383 365 479 421 μετὰ
504 372 585 407 τῶν
616 363 716 420 ἡμῖν
751 364 826 407 οὐκ
860 363 1109 418 ἐπιτηδείων,
1141 362 1197 417 μὴ
1228 364 1354 420 λάβῃς
1386 357 1441 404 δι’
1463 361 1562 403 ὑπο-

189 434 302 486 ψίας.
342 431 499 490 ἀνάγκη
524 446 566 474 τε
595 430 670 487 γὰρ
702 429 928 486 συμβέβηκε
960 429 1027 471 καὶ
1058 435 1130 471 τοῦ
1156 428 1228 482 μὲν
1259 427 1455 484 ὀχήματος
1478 443 1563 470 κοι-

189 502 322 554 νωνεῖ,
346 505 418 553 τῆς
443 496 487 540 δὲ
511 498 675 554 γνώμης
707 496 929 538 ἀποστατεῖ.
967 496 1212 551 πειρώμενος
1243 493 1286 537 δὲ
1316 494 1385 536 καὶ
1414 495 1472 545 εἰς
1496 493 1562 536 λό-

188 581 287 620 γους
312 564 387 607 ἰὼν
411 565 555 618 φήσεις
582 564 658 606 οὐκ
681 562 920 618 ἡπατῆσθαί
941 577 1000 617 με.

819 704 924 762 φξα’.
1488 713 1538 748 W
1563 716 1637 749 475

617 790 962 852 Ἀρισταινέτῳ.
998 802 1104 847 (357)
1597 805 1615 831 e

253 882 291 921 1.
312 874 492 933 Ἐγένετο
518 877 586 920 καὶ
605 873 892 933 Ἀρισταίνετος
926 875 1024 931 ἡμῖν
1047 873 1106 927 εἷς
1129 883 1209 918 τῶν
1233 881 1390 919 πολλῶν
1416 874 1437 918 6
1462 876 1561 929 πρό-

191 960 305 1000 τερον
329 950 409 986 τῶν
434 950 576 997 σοφῶν
600 943 668 986 καὶ
691 943 768 994 τὰς’
792 943 998 994 ἐπιστολὰς
1022 943 1162 998 πήχεσι
1186 942 1254 984 καὶ
1280 947 1467 1000 σπιθαμῇ
1493 957 1561 995 με·

189 1015 284 1065 τρεῖ,
303 1009 380 1052 κᾶν
406 1010 559 1066 μακρὰς
583 1011 639 1065 μὴ
665 1010 783 1067 λάβῃ,
808 1009 920 1052 δεινὰ
944 1009 1126 1052 πέπονθε
1151 1009 1219 1051 καὶ
1244 1009 1440 1064 ἠδίκηται.
1485 1007 1561 1063 ἐγὼ

190 1076 234 1119 δέ
259 1090 302 1119 σε
327 1075 443 1135 ᾔδειν
466 1077 598 1119 εἰδότα
623 1076 744 1132 μέτρα
769 1083 849 1118 τῶν
866 1076 997 1132 λόγων
1016 1072 1119 1126 εἶναι
1137 1077 1185 1118 τὰ
1204 1076 1431 1131 πράγματα·
1456 1075 1561 1116 πᾶν-
1581 1088 1619 1115 ιο

190 1159 267 1194 τως
291 1141 335 1185 δὲ
361 1142 382 1186 6
409 1149 490 1185 τῶν
521 1142 653 1199 λόγων
683 1142 808 1197 νόμος
838 1141 907 1184 καὶ
937 1142 981 1185 τὸ
1012 1149 1092 1184 τῶν
1123 1141 1340 1184 ἐπιστολῶν
1370 1144 1561 1196 περιλαμ-

191 1210 304 1263 βάνει
337 1208 466 1264 μέρος.
514 1212 552 1251 2.
578 1210 662 1252 τότε
698 1204 775 1251 οὖν
812 1207 1038 1251 συνέστελλε
1071 1224 1140 1263 μοι
1177 1207 1251 1261 τὴν
1289 1207 1500 1261 ἐπιστολὴν
1540 1206 1561 1249 6

189 1274 325 1331 φέρων
349 1275 424 1330 τὴν
447 1275 660 1330 ἐπιστολὴν
684 1276 784 1330 ἔχων
809 1274 991 1331 ἀγγεῖλαί
1011 1287 1076 1317 σοι
1100 1274 1148 1316 τὰ
1178 1272 1348 1330 ἡμέτεροι
1372 1273 1559 1328 ἀκριβῶς·

192 1342 229 1383 εἰ
252 1340 294 1384 δὲ
314 1340 390 1397 ἐγὼ
417 1342 658 1397 διηγούμην,
683 1341 862 1397 ὑβρίζετο
888 1340 940 1383 ἂν
964 1339 987 1383 6
1013 1340 1161 1396 φέρων.
1199 1337 1285 1382 ἀλλ’
1308 1339 1402 1383 οὐδὲ
1427 1340 1561 1396 ἀγνὼς

190 1404 241 1463 ἦν
276 1406 298 1450 6
333 1410 373 1449 Γ
367 1408 562 1462 υμνάσιός
596 1420 660 1450 σοι
694 1407 761 1449 καὶ
796 1408 1000 1450 διδάσκειν
1034 1421 1076 1450 σε
1106 1407 1219 1460 δέον,
1254 1407 1361 1457 ὅστις
1394 1407 1560 1459 ἐκεῖνος,
1580 1419 1617 1446 ιι

189 1473 343 1530 ἔφυγον
368 1471 439 1516 ὑπ’
462 1473 603 1530 ἀργίας
627 1481 699 1529 τῆς
723 1473 814 1530 περὶ
845 1474 894 1516 τὰ
925 1475 1146 1530 γράμματα.
1186 1477 1224 1515 3.
1251 1475 1309 1523 τίς
1335 1468 1410 1516 οὖν
1437 1471 1458 1514 6
1486 1479 1559 1514 τοῦ

189 1541 401 1595 βεβήλου
426 1540 564 1595 καιρὸς
588 1540 656 1582 καὶ
687 1546 760 1582 τοῦ
785 1539 871 1591 τὰς
900 1541 1062 1594 θύρας
1093 1539 1401 1590 ἀποκλείεινς
1441 1538 1560 1597 ὁρᾷς,

189 1606 298 1657 ὅπως
332 1606 553 1657 ἐπέστελλες
587 1607 821 1665 Στρατηγίφ
862 1606 993 1663 μακρὰ
1027 1606 1094 1648 καὶ
1128 1607 1252 1660 καλά,
1295 1607 1450 1661 μήκους
1483 1605 1559 1661 γὰρ

261 1716 283 1748 ὁ
317 1712 367 1748 VI
388 1711 434 1758 γ’,
467 1710 548 1759 σνγ’
574 1713 633 1758 (-=
656 1710 753 1760 ,αο’).
799 1712 856 1748 Va
876 1710 924 1757 ς’,
949 1710 1012 1756 ἐξ.
1065 1712 1118 1749 Vo
1143 1710 1191 1754 ς’,
1216 1709 1279 1755 ξζ.
1319 1711 1349 1748 S
1365 1710 1412 1758 γ’,
1436 1707 1476 1747 ε’.
1512 1711 1561 1747 Vc

189 1758 314 1808 [σοβ’].
340 1759 390 1796 W
407 1759 602 1805 0152Vind
621 1758 718 1806 ρμα’.
735 1760 777 1796 D
796 1758 889 1807 ρνγ’.
903 1759 1128 1796 Lambecius
1153 1758 1254 1795 Bibl.
1274 1758 1376 1796 Caes.
1391 1758 1556 1795 vindob.

188 1806 483 1892 {ffimiyffi'jg
501 1819 538 1854 p,
559 1811 629 1844 246
661 1820 697 1844 n.
718 1807 771 1844 IV
802 1814 862 1855 (u-
889 1807 1067 1844 Richard.
1087 1807 1169 1844 Lib.
1198 1819 1283 1854 opp.
1303 1819 1340 1844 n.
1359 1807 1424 1854 IV)
1451 1818 1471 1844 e
1497 1817 1559 1843 co-

259 1954 280 1988 ⁶
307 1951 354 1988 of.
375 1962 434 1999 op.
453 1955 535 1988 ⁶37.
555 1955 637 1988 580.
665 1951 812 1989 Sievers
838 1955 883 1988 78
908 1953 986 1989 not.
1008 1956 1040 1988 9.
1069 1951 1187 1988 Seeck
1213 1955 1270 1989 87.
1292 1956 1362 1988 334
1412 1955 1433 1987 8
1455 1951 1559 1988 Salz-

188 2010 303 2036 mann
329 2003 375 2037 60
457 2004 502 2037 10
521 1999 637 2049 [Lib]
658 2001 758 2037 char.
779 2012 799 2037 e
829 2000 890 2037 ist.
904 2012 941 2047 p.
963 2003 1021 2045 20,
1036 2005 1081 2037 14
1098 2000 1146 2036 W
1235 2004 1279 2036 12
1300 2012 1357 2047 ep.
1372 2003 1441 2036 537

191 2051 232 2083 17
261 2047 357 2085 Plat.
383 2059 488 2084 conv.
509 2060 545 2095 p.
572 2051 643 2085 218
656 2048 698 2085 Β.
725 2048 803 2096 Orp
832 2076 841 2086 .
865 2050 973 2086 διαθ.
995 2048 1040 2085 fr.
1059 2052 1092 2093 6,
1115 2053 1133 2085 1
1160 2047 1269 2085 Abel.
1294 2047 1446 2085 Lobeek
1471 2047 1558 2096 Agl.

187 2099 258 2132 450
272 2107 326 2142 sq.
402 2099 447 2133 18
473 2095 592 2133 Seeck
620 2099 690 2134 288

260 2195 282 2228 2
300 2205 340 2229 τι
360 2192 422 2228 del
440 2192 495 2229 V⁴
519 2203 582 2229 om
600 2193 646 2229 Vs·
701 2196 722 2228 8
741 2199 820 2235 τοῖς
836 2193 884 2230 Vi
904 2195 910 2240 Ι
931 2193 996 2229 καὶ
1010 2193 1063 2236 εἰς
1080 2193 1214 2240 λόγους
1231 2193 1373 2230 inserui
1393 2206 1413 2228 ο
1434 2194 1471 2231 V
1495 2203 1557 2229 om

197 2239 251 2276 Va
259 2239 396 2278 VoSVi
414 2239 524 2276 Wolf
537 2240 593 2277 Re
607 2241 674 2286 qui
687 2240 756 2278 ἰὼν
767 2241 870 2277 idem
890 2252 971 2278 esse
991 2243 1106 2287 atque
1125 2239 1326 2285 προϊόντος
1343 2246 1410 2278 τοῦ
1417 2239 1558 2289 χρόνου

189 2288 326 2324 statuit
399 2291 420 2324 4
447 2286 571 2331 ἰόντος
597 2289 645 2326 Vi
666 2291 672 2335 Ι
693 2288 816 2336 φήσης
843 2289 898 2326 Va
919 2290 926 2337 Ι
948 2303 991 2336 με
1016 2289 1119 2326 inser
1146 2290 1180 2326 V
1225 2293 1246 2325 6
1272 2296 1322 2326 τῶ
1343 2290 1444 2326 αὐτῶ
1463 2289 1503 2337 (i.
1524 2301 1558 2326 e.

187 2334 406 2381 Ἄρισταινέτ
436 2337 629 2383 >WVe'nd
703 2341 724 2373 9
750 2337 877 2383 μακρὰ
903 2338 951 2374 Vi
1013 2341 1058 2374 10
1083 2337 1198 2384 μέτρα
1224 2349 1285 2374 om
1311 2339 1352 2375 D
1373 2339 1379 2384 Ι
1401 2337 1557 2375 πάντων

195 2384 248 2420 Vo
284 2389 361 2426 πᾶς
426 2384 473 2420 Vi
547 2389 589 2421 11
616 2385 659 2421 τὸ
686 2388 724 2421 et
751 2389 794 2421 12
821 2385 947 2434 μέρος]
972 2383 1039 2423 τὸν
1066 2390 1105 2423 et
1132 2385 1249 2432 νόμον
1278 2386 1313 2422 V
1332 2386 1398 2422 aed
1423 2383 1491 2423 τὸν
1515 2386 1556 2422 in

185 2443 247 2468 rae
272 2431 342 2478 m',
365 2433 407 2469 D
499 2436 543 2469 12
570 2432 775 2471 συνέστειλε
797 2434 896 2470 Vind
923 2436 929 2479 Ι
956 2447 1020 2480 μοι
1045 2445 1106 2471 om
1125 2434 1282 2471 WVind
1356 2439 1401 2471 14
1424 2431 1462 2471 δ’
1478 2435 1520 2472 D
1547 2435 1553 2483 Ι

187 2480 425 2528 διηγησάμην
443 2481 484 2518 D
523 2482 529 2527 Ι
562 2481 687 2528 ἀγνὼς
713 2482 749 2519 V
768 2481 835 2518 aed
857 2479 869 2494 ⁹
891 2480 950 2518 et*
978 2481 1018 2518 in
1042 2493 1104 2518 ras
1129 2482 1186 2518 m⁴
1270 2485 1314 2518 18
1339 2481 1559 2525 ἀπέστελλες

186 2527 217 2564 S
234 2529 241 2574 Ι
262 2542 272 2572 3
297 2531 384 2574 post
409 2527 505 2565 καλά
535 2530 632 2566 Vind
653 2531 659 2575 Ι
681 2529 822 2576 μήκους
848 2530 904 2566 Va
929 2530 994 2566 aed
1015 2543 1061 2567 ov
1086 2541 1132 2566 ex
1157 2544 1193 2567 οι
1220 2541 1300 2566 corr
1318 2530 1376 2565 m¹⁵
