1806 2964
666 208 935 261 EPISTULAE
961 211 1102 244 36—37
1227 202 1230 205 ’
1517 209 1577 252 35

194 323 419 377 ἑλκομένων
444 318 564 376 ἧκον·
591 329 781 372 τοσοῦτος
804 321 872 375 ἐμὲ
897 337 937 363 τε
963 321 1030 363 καὶ
1048 322 1123 375 τὴν
1142 321 1259 363 πόλιν
1283 322 1406 364 ἔσεισε
1435 322 1576 376 φόβος.

194 392 274 434 ἔστι
299 390 376 446 γὰρ
401 385 477 432 οὖν
502 388 633 438 ἄνθος
653 396 724 443 τῆς
742 389 895 438 πόλεως
912 386 939 442 ἡ
960 389 1112 430 τούτων
1138 388 1257 430 οἰκία.
1292 392 1330 430 2.
1358 388 1577 443 Λογιζόμε-

198 474 263 500 νοι
289 457 346 511 δέ,
372 458 430 505 τίς
456 451 508 510 ἦν
535 456 556 498 ὁ
587 459 721 498 καλῶν
746 455 814 497 καὶ
844 451 940 509 παρ’
964 453 1013 496 ὃν
1043 455 1204 508 ἥξουσι,
1235 456 1395 496 πείθειν
1420 455 1577 509 εἴχομεν

194 522 302 577 ’ἡμᾶς
332 524 500 573 αὐτούς,
534 522 586 573 ὡς
618 521 696 577 ἄρα
734 522 883 572 αὐτοὺς
921 521 1070 576 δέχεται
1108 523 1249 575 λιμήν,
1288 522 1337 564 οὐ
1373 522 1577 572 σκόπελος.

195 591 292 632 ὥστε
318 589 564 643 ἀνεπνέομεν
588 589 690 643 πρὸς
715 588 914 642 ἀλλήλους
940 588 1136 643 λέγοντες·
1168 589 1213 630 τί
1236 585 1275 629 δ’
1298 587 1355 629 ἂν
1381 587 1574 643 γένοιτο

194 657 343 698 κακὸν
369 656 461 698 ἀπὸ
486 663 571 698 τοῦ
595 658 746 697 καλοῦ
766 654 1046 706 Μοδέστου;
1072 655 1195 697 καλὸν
1221 653 1265 697 δὲ
1291 651 1399 696 εἷναί
1423 667 1465 695 σε
1491 659 1576 704 τοῖς

194 739 232 764 τε
259 723 366 772 ὅλοις
391 717 623 776 πειθόμεθα
647 721 714 764 καὶ
741 721 909 774 μάλιστά
933 737 976 776 γε
1008 721 1060 775 δὴ
1092 723 1248 771 τούτοις
1280 722 1418 771 αὐτοῖς
1443 716 1501 762 ὧν
1527 721 1576 763 τὰ

193 790 374 845 παρόντα
399 788 528 844 μέρος.
564 791 602 830 3.
620 795 786 844 πρᾶγμα
804 788 880 844 γὰρ
902 788 1159 843 παραλαβών,
1184 786 1207 830 ὃ
1225 788 1349 830 πεσὸν
1369 789 1426 838 εἰς
1445 793 1578 843 χεῖρας

192 855 384 911 ἄρχοντος
408 855 551 910 τέρψιν
577 855 665 896 τινὰ
691 854 734 896 τὸ
760 861 893 904 κακῶς
918 858 1051 896 ποιεῖν
1068 854 1317 908 ποιουμένου
1343 855 1499 908 πολλὴν
1526 854 1577 897 ἂν

193 921 324 978 ἤγειρε
350 922 494 977 φλόγα,
520 922 702 977 γαλήνην
727 920 946 975 ἀπέφηνας
971 922 1046 975 τὴν
1079 920 1421 976 προσδοκωμένην
1454 923 1577 976 ζάλην

192 994 276 1038 τοῖς
301 988 374 1042 μὲν
400 988 498 1037 δοὺς
530 988 854 1042 ἀναβάλλεσθαι,
880 989 973 1038 τοὺς
1000 987 1042 1029 δὲ
1069 988 1169 1037 ὅλως
1194 987 1422 1038 ἀπαλλάξας
1447 988 1516 1030 ἐπί
1538 1005 1578 1030 τε

192 1056 288 1105 τοὺς
313 1052 520 1109 ὀρφανοὺς
553 1054 629 1097 οὐκ
660 1055 780 1104 ἐάσας
813 1054 1002 1110 ἁρπαγὴν
1032 1055 1224 1107 κωμάσαι.
1269 1058 1308 1095 4.
1335 1055 1385 1096 σὺ
1411 1055 1478 1096 καὶ
1504 1057 1578 1108 τὴν

1598 937 1633 963 lo

192 1124 345 1164 τούτων
381 1121 453 1171 οὓς
492 1127 569 1162 νῦν
601 1121 700 1176 ἔχεις
732 1121 916 1174 ἀδελφὴν
947 1121 1170 1176 ε’δάκρυσάς
1203 1137 1241 1162 τε
1273 1121 1479 1176 ἀγομένην
1510 1123 1579 1164 καὶ
1627 1125 1630 1129 ’

193 1187 302 1243 ηὔξω
329 1204 367 1229 τε
393 1186 490 1241 ’ἡμῖν
517 1187 786 1242 ἀποσωθῆναι
813 1187 881 1228 καὶ
909 1189 1006 1243 τάχα
1034 1187 1108 1230 οὐκ
1128 1187 1350 1243 ἀτυχήσεις.
1383 1197 1504 1244 γενοῦ
1526 1190 1577 1243 δὴ

193 1254 260 1296 καὶ
297 1257 454 1304 τούτοις
497 1251 598 1295 ἀνθ’
626 1251 843 1310 εΕρμιόνος
883 1254 951 1296 καὶ
984 1255 1058 1308 τὴν
1091 1255 1259 1309 γνώμην
1294 1253 1347 1308 ἣν
1380 1255 1575 1309 ἕνεστήσω

192 1322 361 1374 νόμισον
386 1322 526 1375 νόμον.
553 1321 646 1371 τοὺς
672 1319 746 1375 μὲν
770 1320 845 1376 γὰρ
871 1319 1017 1371 ἄλλους
1035 1320 1256 1376 ἀλλοτρίοις
1281 1322 1578 1377 παραδείγμασι

192 1389 451 1442 παιδεύομεν,
477 1388 528 1429 σὺ
555 1386 597 1430 δὲ
624 1386 676 1428 ἂν
701 1392 784 1437 τοῖς
811 1392 897 1437 σοῖς
925 1387 1225 1444 ἀκολουθήσῃς,
1251 1385 1383 1428 πάνθ’
1405 1386 1505 1442 ἡμῖν
1531 1385 1576 1431 εὖ

192 1455 372 1496 κείσεται.
401 1457 437 1496 5.
464 1455 717 1509 πολλαχόθεν
744 1454 788 1496 δέ
813 1471 882 1507 μοι
901 1462 981 1496 τῶν
1005 1454 1169 1508 ἀνδρῶν
1189 1454 1294 1507 μέλει
1319 1454 1399 1496 καὶ.
1413 1456 1467 1509 μὴ
1495 1464 1577 1498 πᾶν

194 1520 294 1574 ὑπὲρ
319 1521 454 1562 αὐτῶν
479 1528 665 1563 ποιοῦντι
690 1521 809 1576 λόγος
835 1522 910 1563 οὐκ
942 1521 1060 1563 ἔσται.
1099 1523 1240 1573 φιλίαν
1266 1537 1303 1563 τε
1328 1521 1404 1576 γὰρ
1430 1522 1475 1563 ἐκ
1500 1539 1576 1564 πα-

192 1587 317 1643 τέρων
343 1587 565 1643 δεδέγμεθα
591 1589 726 1629 δίκαιά
752 1604 790 1629 τε
817 1587 1129 1643 προσγεγένηται
1157 1590 1285 1641 μείζω.
1325 1594 1378 1647 τῷ
1403 1588 1476 1642 μὲν
1500 1591 1576 1645 γὰρ

267 1722 283 1752 1
315 1718 436 1752 Amm.
462 1716 512 1752 M.
540 1716 626 1753 XIX
648 1721 705 1762 12,
721 1721 740 1752 7
824 1722 845 1753 6
872 1717 919 1753 cf.
941 1729 999 1763 ep.
1021 1722 1067 1753 39
1156 1722 1178 1753 8
1205 1717 1252 1753 cf.
1272 1720 1300 1754 t.
1321 1717 1355 1754 11
1377 1723 1435 1763 94,
1458 1723 1502 1755 16
1532 1741 1574 1746 -—

193 1769 252 1811 95,
274 1770 330 1802 11.
357 1765 480 1802 Amm.
501 1765 550 1801 M.
579 1764 663 1801 XIX
691 1769 748 1810 12,
769 1769 790 1801 6
805 1777 860 1812 sq.
916 1769 959 1802 1⁶
972 1765 1021 1802 cf.
1036 1777 1094 1812 ep.
1118 1769 1199 1802 701.
1221 1766 1417 1813 Aristoph.
1439 1767 1574 1814 Babyl.

189 1813 482 1909 ζέρῗίέἷέςθδ)
502 1813 541 1849 Μ
561 1815 601 1860 (t.
623 1813 639 1849 1
658 1817 742 1858 414,
763 1817 808 1850 87
820 1814 877 1861 K).
899 1814 1026 1852 chob
1059 1814 1093 1851 II
1119 1818 1177 1851 22.
1206 1813 1343 1851 Suidss
1366 1827 1394 1851 s.
1415 1828 1448 1852 v.
1477 1814 1574 1854 ἀνθ’

267 1975 287 2007 2
314 1970 403 2019 γὰρ]
423 1971 492 2017 μὲν
506 1971 548 2008 D
624 1975 646 2007 3
671 1970 737 2007 καὶ
752 1992 795 1997 —-
812 1969 942 2017 ’ἥξουσι
968 1982 1028 2007 om
1064 1972 1212 2008 VindD
1235 1974 1240 2017 Ι
1262 1971 1355 2017 παρ’
1381 1971 1426 2009 ὃν
1445 1971 1577 2019 ἥξουσι

201 2020 253 2056 Vo
278 2019 346 2055 sed
370 2030 391 2055 e
410 2019 544 2065 παρὼν
562 2019 695 2066 ἠξύσιν
719 2030 803 2055 corr
821 2018 879 2055 m’
900 2027 904 2060 t
928 2019 1060 2066 ἔχομεν
1086 2020 1126 2056 D
1190 2025 1209 2055 7
1237 2019 1338 2063 ὅλοις
1371 2022 1424 2058 Vo
1450 2022 1577 2058 sedin

193 2067 321 2110 ἄλλοις
345 2078 429 2105 corr
453 2067 511 2104 ω’
535 2067 662 2111 ἄλλοις
685 2068 727 2105 D
748 2069 754 2115 Ι
776 2067 825 2114 δὴ
851 2079 915 2104 om
939 2068 980 2105 D
1055 2072 1076 2104 8
1101 2069 1336 2116 παραβαλὼν
1361 2069 1432 2107 SD
1508 2074 1529 2106 8
1557 2069 1576 2107 ὃ

191 2113 309 2153 πεσὸν
335 2137 379 2143 -·
400 2119 422 2152 9
449 2114 499 2154 ἂν
523 2115 649 2164 ἤγειρε
675 2137 721 2143 —
750 2119 795 2153 10
820 2115 1023 2163 ἀπέφηνας
1054 2117 1191 2163 scripsi
1230 2119 1385 2154 tuciora
1419 2118 1577 2155 Seeckio

193 2163 214 2201 ὃ
245 2170 337 2207 παῖς
350 2185 395 2192 -
409 2163 586 2211 ἀνήγειρε
600 2186 645 2191 -
660 2164 866 2212 ἀποφήνας
890 2164 981 2201 libri
1006 2165 1081 2201 edd
1109 2165 1156 2202 cf.
1185 2165 1330 2203 Sievers
1357 2169 1404 2202 80
1430 2169 1510 2204 not.
1531 2170 1576 2203 57

239 2216 260 2248 9
287 2215 410 2255 καλῶς
427 2213 468 2249 D
545 2216 589 2249 10
615 2211 663 2259 ἣν
689 2214 735 2249 σὺ
762 2212 915 2262 ἔσβεσας
940 2213 1000 2250 vel
1019 2213 1149 2250 simile
1168 2214 1264 2260 quid
1291 2216 1381 2252 ante
1407 2215 1578 2263 γαλήνην

192 2261 377 2298 excidisse
403 2261 558 2297 coniRe
623 2266 666 2298 11
690 2259 729 2298 δ’
757 2261 808 2297 Vo
833 2260 943 2298 Wolf
1015 2265 1060 2298 12
1081 2262 1311 2309 ὀφθαλμοὺς
1336 2263 1378 2300 D
1399 2266 1405 2309 Ι
1427 2264 1470 2301 δὲ
1491 2267 1578 2301 ante

192 2309 259 2345 καὶ
277 2311 319 2347 D
383 2313 427 2346 13
453 2309 519 2346 καὶ
545 2309 729 2357 expunxit
755 2309 827 2346 Vo¹
902 2314 947 2346 14
973 2309 1021 2357 δὴ
1047 2310 1183 2357 scripsi
1211 2322 1232 2347 e
1265 2311 1317 2348 Vo
1344 2312 1412 2348 sed
1439 2327 1463 2359 η
1487 2323 1535 2349 ex
1561 2326 1579 2349 ε

194 2368 277 2394 corr
294 2357 362 2403 m',
389 2357 536 2395 VindD
571 2358 613 2396 δὲ
635 2358 701 2395 Vs
724 2357 800 2394 cdd
871 2356 1126 2404 ιῠἙρμιόνος
1147 2359 1284 2406 scripsi
1304 2370 1325 2396 e
1338 2360 1369 2397 S
1404 2360 1579 2408 ἐρμίονος

200 2405 301 2442 Vind
337 2405 511 2454 ἑρμίονος
543 2406 641 2444 VVo
667 2406 742 2443 edd
768 2405 945 2454 ἑρμιόνης
970 2407 1010 2444 D
1086 2411 1129 2443 1⁷
1157 2406 1282 2445 πάνθ’
1317 2409 1353 2444 V
1379 2409 1446 2446 sed
1466 2423 1489 2446 ν
1521 2410 1578 2445 in-

194 2465 253 2490 ser
277 2455 335 2490 m⁶
421 2458 466 2491 19
490 2460 674 2492 πονοῦντι
708 2454 810 2492 Vina
896 2459 943 2492 20
967 2454 1246 2503 ένδοδιίγμεθα
1281 2457 1315 2493 V
1343 2457 1410 2493 scd
1438 2472 1483 2504 γρ
1515 2460 1576 2495 δι-

193 2501 364 2549 δέγμεθα
390 2503 429 2538 in
455 2513 576 2548 marg,
602 2503 632 2540 S
677 2502 935 2551 ἐκδεδέγμεθα
962 2504 1003 2541 Β
1036 2502 1273 2551 δεδείγμεθα
1298 2517 1344 2552 pr

1598 1266 1632 1295 15

1597 1608 1633 1635 2⁰
