1806 2964
291 244 379 288 504
878 241 1061 278 LmANn

290 355 490 398 ἐκέλευσεν
533 352 615 406 ἐμέ,
652 352 807 406 πέμψαι
851 351 893 393 δὲ
932 352 1112 405 ὤκνησεν
1149 352 1269 401 αὐτὸς
1297 353 1346 392 ἲν
1378 358 1492 393 τοῦτο
1525 350 1650 403 μόνον

291 420 548 474 ἁμαρτάνων,
583 418 642 459 ὅτι
673 418 802 473 ῥήτωρ
834 417 939 459 ἐστὶν
975 416 1154 470 ἄτολμος.
1201 420 1237 458 5.
1270 418 1319 458 σὺ
1354 416 1396 458 δὲ
1432 416 1498 458 καὶ
1533 422 1649 457 τοῦτο

292 484 491 534 αἰδεσθεὶς
526 484 650 525 αὐτοῦ
688 483 754 524 καὶ
790 483 909 524 τᾶλλα
953 483 1204 536 ἐνθυμηθεὶς
1239 483 1416 536 ζήλωσον
1452 482 1552 536 πρὸς
1581 480 1651 522 τὸν

292 551 470 603 ἀδελφὸν
495 550 638 591 τούτου
664 549 738 602 τὴν
762 549 904 590 τούτου
930 549 1029 603 πρὸς
1054 548 1119 601 ἐμὲ
1146 548 1339 601 σπουδήν.

225 701 268 735 W
295 706 364 737 450
926 687 1029 745 ‘1³²3'-

258 793 273 818 ς
502 806 507 811 .
731 776 1021 832 Καλλιοπίῳ.
1055 783 1224 831 (356157)

356 865 393 901 1.
410 857 490 904 Ἳίν
516 859 568 900 ἂν
595 860 732 913 ἥσθην
756 859 925 913 ἡδονήν,
951 860 987 900 εἰ
1010 860 1157 913 Σύρων
1181 854 1307 913 ἦρχες,
1332 859 1481 912 ταύτην
1506 858 1654 911 ἥδομαι

297 933 386 977 νῦν,
411 925 548 978 ἐπειδὴ
579 926 733 967 πόλεων
757 924 909 979 ἄρχεις,
939 923 987 974 ἃς
1013 923 1056 965 ἕν
1081 925 1152 981 ἴσῳ
1183 931 1376 977 ποιοῦμαι
1405 929 1452 980 τῇ
1484 923 1654 976 πατρίδι.

294 991 341 1031 τὰ
372 990 444 1044 μὲν
474 986 550 1033 οὖν
581 992 715 1032 δίκαια
744 990 812 1032 καὶ
856 990 1028 1044 μηδενός
1059 1002 1100 1031 σε
1136 993 1460 1044 παρακαλοῦντος
1490 987 1656 1043 ὑπάρξει

243 1073 276 1098 ιο
295 1061 380 1105 τοῖς
403 1071 446 1111 γε
472 1056 551 1097 ὑπὸ
578 1057 655 1109 σοί,
679 1057 823 1097 κωλύει
847 1055 891 1097 δὲ
923 1054 1043 1097 οὐδὲν
1073 1056 1249 1108 μηνύσαι
1279 1059 1362 1104 τοῖς
1391 1052 1489 1107 ἡμῖν
1519 1052 1653 1106 ἐπιτη-

296 1123 417 1171 δείοις
449 1122 493 1163 τὸ
523 1129 647 1163 πᾶσιν
679 1117 782 1163 εἶναι
812 1128 891 1162 τῶν
923 1121 1090 1162 δικαίων
1120 1120 1338 1175 τυγχάνειν.
1377 1119 1477 1174 πρὸς
1506 1118 1581 1174 γὰρ
1605 1122 1658 1174 τῷ

295 1193 375 1228 τῶν
397 1194 547 1228 κοινῶν
571 1186 790 1228 ἀπολαύειν
814 1186 984 1241 ἀγαθῶν
1008 1186 1083 1240 ἔχει
1107 1201 1145 1226 τι
1169 1184 1286 1240 μέρος
1308 1185 1506 1238 εὐθυμίας
1530 1184 1574 1226 τὸ
1599 1183 1654 1237 μὴ

296 1252 536 1307 ἠγνοῆσθαι.
578 1256 616 1294 2.
650 1253 778 1307 πατὴρ
817 1247 869 1305 ἦν
900 1252 1134 1309 Στρατηγίφ
1172 1251 1337 1305 χρηστὸς
1367 1247 1468 1292 εἶναι
1503 1249 1656 1292 ἐθέλων

296 1318 364 1359 καὶ
394 1319 511 1370 φίλος
542 1316 650 1371 ἡμῖν.
690 1314 807 1367 οὗτος
831 1317 858 1358 ἃ
882 1317 1044 1372 μέγιστα
1068 1316 1303 1371 ἀνθρώποις
1322 1315 1427 1357 ἐστὶν
1452 1314 1656 1371 ἐνεχείρισέ

248 1400 279 1426 15
300 1399 367 1437 μοι
391 1383 485 1433 τοὺς
510 1384 611 1432 υἱεῖς
636 1383 773 1425 αὑτοῦ.
803 1384 954 1425 τούτων
979 1382 1002 1425 ὁ
1028 1382 1100 1436 μὲν
1114 1382 1174 1424 ἔτι
1197 1379 1290 1437 παρ’
1314 1380 1412 1436 ἡμῖν
1430 1381 1494 1423 ἐπὶ
1512 1381 1657 1436 λόγοις,

299 1448 321 1492 ὁ
353 1448 396 1491 δὲ
421 1449 541 1504 μικρὰ
567 1449 767 1503 μετασχὼν
792 1449 849 1498 εἰς
878 1449 922 1491 τὸ
953 1452 1192 1503 λειτουργεῖν
1216 1448 1402 1501 εἰσῆλθεν
1427 1445 1481 1497 ὧς
1504 1446 1548 1488 ἐν
1571 1450 1658 1495 ταῖς

299 1516 483 1569 φροντίσι
507 1522 580 1556 τοῦ
611 1515 759 1570 πατρὸς
792 1514 977 1568 ἐσόμενος
1008 1514 1194 1567 λαμπρός.
1239 1516 1277 1554 3.
1303 1512 1400 1554 ἀλλὰ
1424 1513 1494 1555 τὸν
1519 1511 1590 1566 μὲν
1614 1511 1659 1554 ἐκ

301 1580 431 1634 μέσων
462 1587 542 1621 τῶν
572 1580 710 1622 πόνων
741 1579 763 1622 ὁ
796 1581 950 1634 δαίμων
984 1580 1185 1634 ἥρπασεν,
1222 1577 1244 1620 ὀ
1276 1577 1319 1620 δὲ
1344 1576 1401 1619 ὢν
1425 1578 1572 1634 ἕρημος
1601 1578 1659 1628 εἰς

300 1646 375 1699 τὴν
399 1645 476 1699 σὴν
500 1646 741 1701 καταφεύγει
770 1645 976 1700 πρόνοιαν.
1015 1641 1063 1686 ού
1092 1644 1168 1700 γὰρ
1193 1643 1344 1698 ἄδηλον
1370 1642 1423 1694 ὥς
1448 1639 1509 1693 οἷς
1533 1658 1572 1686 τε
1598 1644 1663 1685 δεῖ

249 1722 283 1748 ²⁰
302 1716 450 1765 πολλῆς
475 1712 705 1766 ἐπικουρίας
728 1712 814 1768 εἴσῃ
839 1711 904 1753 καὶ
931 1712 1068 1761 δώσεις
1093 1710 1245 1764 ὁπόσης
1269 1712 1339 1752 δεῖ.

376 1845 396 1875 5
431 1840 481 1876 Vl
502 1836 548 1886 γ’,
574 1839 666 1876 σλα’.
697 1839 755 1875 Va
779 1838 825 1884 ς’,
850 1838 924 1886 μβ.
957 1839 1010 1876 Vo
1036 1837 1083 1884 ς’,
1107 1838 1157 1885 μβ

385 1962 405 1994 6
433 1958 578 1995 sievers
611 1961 741 2003 221,9.
762 1961 889 2002 288,1.
928 1956 1048 1994 Seeck
1074 1960 1154 1993 101.
1180 1960 1249 1993 333
1324 1960 1368 1993 13
1392 1955 1592 2004 Agesilaus
1617 1955 1662 1992 cf.

314 2008 340 2042 t.
362 2005 413 2041 lv
427 2010 509 2050 366,
525 2010 558 2042 3.
585 2004 730 2042 Sievers
756 2008 838 2050 288,
853 2009 884 2041 1.
911 2004 1030 2042 Seeck
1056 2008 1125 2041 284
1200 2009 1244 2040 15
1269 2003 1454 2041 Albanius
1478 2004 1526 2040 ef.
1546 2003 1663 2040 Seeck

312 2057 358 2090 50
435 2057 476 2089 17
503 2053 728 2100 Agenilaum

381 2177 402 2208 3
427 2174 543 2209 τᾶλλα
569 2173 621 2209 Vo
683 2176 702 2208 7
730 2171 855 2219 ἥσθην
879 2171 1032 2219 reposui
1057 2182 1078 2207 e
1102 2170 1209 2207 libris
1234 2170 1300 2207 uod
1326 2181 1371 2207 ex
1381 2168 1555 2254 &ramim
1580 2180 1664 2205 corr

317 2220 385 2258 Vo⁴
419 2219 580 2267 ἡσθείην
598 2219 707 2256 Wolf
776 2223 796 2256 9
817 2221 869 2266 σε]
887 2233 927 2267 γε
954 2220 1006 2256 Vo
1066 2222 1110 2255 10
1130 2223 1292 2265 μηνῦσαι
1310 2219 1365 2254 Va
1432 2217 1490 2254 olf
1503 2217 1663 2254 fortune

306 2269 408 2305 recte
432 2271 471 2304 at
495 2267 541 2304 cf.
563 2267 612 2303 ad
638 2279 695 2314 ep.
717 2270 784 2304 387
805 2280 842 2314 p.
856 2271 938 2312 352,
952 2271 974 2303 2
1001 2269 1008 2314 Ι
1045 2264 1269 2312 ἐπιτηδείοις
1295 2266 1330 2302 V
1348 2265 1414 2302 sed
1433 2264 1525 2306 είοις
1542 2264 1583 2300 in
1602 2275 1662 2300 ru

308 2315 365 2351 m*
426 2319 469 2352 11
495 2317 547 2351 τῶ
574 2316 610 2352 V
627 2315 694 2352 ned
718 2326 739 2351 ο
762 2313 805 2352 τὸ
831 2326 913 2351 corr
930 2315 988 2350 m‘
1050 2318 1093 2350 12
1118 2312 1156 2350 τί
1180 2314 1232 2351 Vo
1294 2317 1338 2350 13
1364 2313 1587 2360 ἠγνοοῑσθαι
1606 2312 1664 2349 Va

311 2367 354 2399 15
381 2363 496 2400 αὐτοῦ
523 2353 556 2400 ‘V
617 2367 660 2398 16
686 2362 800 2408 μικρὰ
820 2361 951 2409 scripsi
971 2373 992 2398 e
1018 2362 1112 2399 VVa
1148 2366 1290 2407 μικρῶν
1316 2362 1368 2398 Vo
1395 2359 1501 2397 Wolf
1546 2363 1590 2396 18
1609 2357 1663 2396 ὧν

309 2409 458 2495 οοτίῑὲεοίι
475 2411 543 2447 οὐκ
568 2410 656 2446 libri
682 2410 790 2446 Wolf
823 2416 894 2446 νῦν
918 2409 978 2446 vel
1003 2407 1073 2446 οὖν
1097 2408 1181 2445 coni
1206 2408 1262 2445 Re
1329 2412 1373 2444 19
1399 2406 1455 2450 οἷς
1481 2408 1516 2445 V
1534 2407 1601 2444 ned
1626 2419 1663 2444 οι

308 2468 370 2494 ras
