1806 2964
735 202 973 239 EPISTULA
1000 205 1047 238 86
1224 214 1226 216 ·
1526 202 1584 244 33

201 317 246 358 ἐν
270 321 354 367 τοῖς
378 315 459 358 ὑπὸ
486 323 561 357 σοῦ
585 316 924 370 πεπιστευμένοις.
959 319 997 357 5.
1021 315 1109 370 ἐμοὶ
1129 316 1172 359 δὲ
1191 315 1259 358 καὶ
1284 316 1411 373 τούτῳ
1435 315 1584 356 πυκνοὶ

205 383 277 437 μὲν
302 384 345 425 οἱ
366 383 467 438 πρὸς
487 381 685 436 ἀλλήλους
709 383 840 439 λόγοι,
865 384 1011 432 πάντες
1037 382 1080 425 δὲ
1116 383 1207 440 περὶ
1239 388 1314 424 σοῦ
1349 397 1388 423 τε
1420 381 1488 423 καὶ
1513 388 1584 435 τῆς

203 450 367 506 γνώμης
391 448 445 503 ἣν
470 449 569 504 ἔχεις
594 450 662 491 καὶ
680 456 760 491 τῶν
780 451 1024 506 πραγμάτων
1043 449 1087 491 ἐν
1106 451 1207 500 οἵοις
1226 448 1285 491 ὢν
1304 449 1411 498 ὅστις
1430 445 1469 489 εἴ
1483 448 1585 502 πρὸς

203 517 315 559 αὐτά.
353 516 421 558 καὶ
454 517 582 566 οὕτως
614 516 732 572 ἔγγὺς
764 511 821 558 ὧν
852 518 1035 571 πράττεις
1066 517 1130 558 ἐπὶ
1162 523 1233 571 τῆς
1264 515 1488 570 διηγήσεως
1517 509 1584 568 ἦν,

202 583 299 626 ὥστε
325 596 388 625 σοι
414 589 561 638 μικροῦ
587 584 822 639 διελεγόμην
850 583 905 634 ὡς
936 583 988 625 ἃν
1017 584 1199 640 παρόντι.
1241 585 1279 624 6.
1304 583 1514 624 κάλλιστον
1539 581 1581 623 δὲ

199 646 257 692 ὧν
281 649 437 704 ἤκουον
463 650 506 691 τὸ
532 649 714 692 ἐλαύνειν
732 663 782 691 σε
807 651 902 700 τοὺς
934 651 1165 705 βαρβάρους
1196 650 1263 691 καὶ
1289 650 1359 700 τὰς
1384 651 1500 699 νίκας
1525 651 1583 699 εἰς

206 718 444 773 συγγραφὴν
479 716 596 771 ἄγειν
628 717 694 759 καὶ
726 718 796 759 τὸν
821 717 946 759 αὐτὸν
979 716 1105 766 ὄντως
1136 717 1286 772 ῥήτορά
1318 732 1356 758 τε
1388 712 1492 757 εἶναι
1516 716 1583 757 καὶ

200 785 432 840 στρατηγόν.
463 781 632 838 Ἀχιλλεῖ
650 783 723 838 μὲν
741 784 817 840 γὰρ
832 782 1011 839 Ὁμήρου
1036 784 1116 826 ἔδει
1134 783 1203 825 καὶ
1218 780 1463 841 Ἀλεξάνδρῳ
1486 787 1582 824 πολ-

198 855 279 894 λῶν
301 851 499 904 Τιτήνων,
518 851 687 904 τρόπαια
713 850 755 892 δὲ
781 851 827 892 τὰ
853 851 903 892 σὰ
929 851 1093 905 μνήμης
1118 851 1292 901 τεύξεται
1316 856 1364 908 τῇ
1390 856 1463 891 τοῦ
1489 851 1582 904 στή-

210 931 351 967 σαντος
377 925 515 975 φωνῇ·
543 925 735 959 τοσοῦτον
760 917 896 971 ἔφθης
921 919 1016 968 τοὺς
1036 916 1229 970 σοφιστὰς
1255 917 1304 959 οὐ
1323 917 1371 958 τὰ
1397 916 1491 972 ἔργα
1511 917 1582 970 μό-

200 1001 274 1026 νον
298 985 429 1026 πόνον
465 984 601 1033 αὖτοῖς
632 985 820 1040 προθείς,
852 984 950 1026 ἀλλὰ
975 984 1043 1026 καὶ
1074 984 1149 1038 τὴν
1179 984 1280 1039 πρὸς
1312 984 1407 1033 τοὺς
1438 984 1582 1038 λόγους

206 1051 279 1102 οὓς
299 1050 364 1092 ἐπὶ
383 1055 467 1101 τοῖς
485 1052 616 1106 ἔργοις
636 1051 828 1104 ἐποίησας
847 1052 1028 1105 ἅμιλλαν.
1060 1055 1095 1093 7.
1115 1051 1292 1105 πρόσθες
1313 1050 1365 1104 δὴ
1391 1056 1473 1101 τοῖς
1491 1067 1581 1105 τρο-

201 1119 337 1168 παίοις
361 1117 428 1160 καὶ
461 1118 504 1160 τὸ
533 1119 806 1172 Πομπηιανὸν
837 1124 917 1159 τῶν
951 1118 1120 1159 δικαίων
1151 1122 1283 1172 τυχεῖν
1314 1117 1381 1158 καὶ
1413 1118 1582 1172 νόμισον

200 1183 270 1226 καὶ
294 1185 445 1239 ταύτην
472 1184 520 1226 οὐ
547 1185 711 1238 φαύλην
737 1185 811 1238 τὴν
835 1186 1068 1239 παράταξιν.
1095 1183 1116 1226 ὅ
1143 1182 1186 1225 δὲ
1211 1183 1315 1240 ἀνὴρ
1341 1180 1460 1235 οὗτος
1483 1185 1580 1227 ἐκεῖ-

198 1252 268 1301 νός
292 1251 412 1304 ἐστιν,
440 1251 488 1292 ὅν
514 1267 606 1292 ποτε
632 1251 799 1293 ἐνθένδε
824 1252 1097 1307 πρεσβεύοντα
1116 1249 1245 1304 ἡδέως
1264 1248 1367 1300 εἶδες
1387 1251 1431 1293 ἐν
1449 1254 1579 1293 Βιθυ-

198 1320 266 1375 νίᾳ
295 1318 362 1358 καὶ
398 1317 545 1371 μαθὼν
580 1313 638 1359 ὧν
669 1318 910 1373 ἀπεστέρητο
942 1318 1184 1371 κατέστησας
1216 1318 1274 1368 εἰς
1308 1317 1492 1368 ἐλπίδας,
1527 1318 1582 1368 ὡς

199 1384 276 1438 ἄρα
300 1389 496 1437 κομιεῖται
520 1384 568 1426 τὰ
593 1385 729 1426 αὑτοῦ.
768 1386 920 1427 τούτων
946 1401 1014 1437 μοι
1040 1389 1271 1438 μεμνῆσθαι
1302 1391 1382 1426 τῶν
1416 1384 1581 1439 ὑποσχέ-

198 1464 313 1505 σεων,
339 1447 371 1492 ὦ
396 1452 571 1504 βασιλεῦ.

270 1584 292 1615 8
318 1580 468 1616 Ati-ian.
496 1581 608 1618 anab.
630 1592 795 1628 prooem.
812 1586 832 1617 2
887 1586 930 1618 13
958 1582 1104 1619 Sievers
1132 1586 1177 1617 54
1203 1583 1282 1618 not.
1304 1585 1336 1618 7.
1353 1585 1434 1618 246.
1462 1582 1581 1618 Seeck

199 1632 267 1664 241
287 1627 322 1664 Π
399 1634 442 1665 16
472 1628 516 1665 ef.
537 1640 597 1676 ep.
617 1634 684 1666 441

270 1754 291 1785 2
318 1748 452 1796 γένους
475 1751 509 1786 V
511 1750 541 1786 S
553 1750 585 1794 V
585 1751 601 1786 i
638 1750 746 1797 γένος
767 1753 820 1789 Vo
843 1752 910 1787 sed
937 1752 1000 1788 del
1026 1754 1065 1788 et
1084 1752 1171 1797 περὶ
1191 1763 1367 1798 suprascr
1386 1751 1455 1795 m',
1474 1764 1521 1798 pr

202 1801 222 1832 3
248 1799 288 1835 ἐν
315 1797 412 1841 οἵοις
437 1798 490 1835 ὢν
517 1799 653 1846 scripsi
678 1810 699 1835 e
732 1800 768 1836 V
789 1798 905 1842 ἐνίοις
930 1797 982 1836 ὧν
1016 1801 1070 1837 Vo
1095 1799 1222 1836 sedin
1241 1800 1283 1837 ἐν
1302 1798 1400 1842 οἵοις
1424 1798 1478 1838 ὢν
1498 1812 1582 1838 corr

199 1846 266 1890 m',
293 1847 381 1884 SVi
429 1847 472 1884 ἐν
491 1845 548 1889 οἷς
574 1845 626 1884 ὢν
653 1847 727 1884 edd
749 1850 756 1895 Ι
776 1846 873 1894 πρὸς
892 1847 1023 1890 αὐτοῖς
1055 1848 1096 1886 δὲ
1129 1848 1195 1885 καὶ
1226 1847 1345 1891 οὕτως
1370 1849 1457 1885 coni
1484 1849 1538 1886 Re

199 1899 222 1930 4
256 1893 358 1937 ὅπως
391 1896 457 1933 VS
474 1896 521 1932 Vi
543 1895 654 1932 Wolf
683 1899 689 1944 Ι
723 1893 776 1933 ὧν
808 1897 943 1943 scripsi
969 1908 990 1933 e
1018 1897 1070 1934 Vo
1101 1899 1145 1933 ut
1169 1897 1255 1933 coni
1281 1897 1337 1933 Re
1381 1895 1435 1934 ὢν
1456 1898 1523 1935 VS
1534 1899 1581 1934 Vi

203 1943 276 1978 edd
309 1944 507 1991 Σειρήνων
536 1945 620 1980 coni
647 1945 700 1980 La
735 1944 849 1982 Crozc
887 1945 1054 1992 „Quaere
1081 1957 1214 1983 nomeu
1244 1946 1401 1993 aliquod
1431 1947 1530 1993 quod
1555 1959 1579 1983 a

201 1993 395 2028 literarum
413 1994 579 2040 vestiyiis
602 2004 680 2030 non
706 1995 861 2031 multum
888 1994 1008 2039 abeat,
1033 1995 1075 2030 in
1101 1994 1270 2042 cataloyo
1287 1995 1511 2041 scriptorum
1535 1996 1580 2031 dc

204 2041 421 2077 Alexandro
451 2042 507 2077 M.
533 2042 638 2088 apud
677 2042 897 2080 Fabricium
924 2043 1024 2080 Bibz.
1061 2043 1128 2080 Gr.
1157 2043 1199 2079 T.
1226 2044 1295 2079 11⁴⁴
1323 2043 1378 2079 Re
1429 2043 1578 2080 ἐπαινε-

198 2093 274 2124 τῶν
298 2089 436 2125 Asmus
462 2088 670 2126 WKLPhil.
702 2093 794 2126 1899
829 2103 865 2127 n.
897 2096 941 2127 51
969 2091 1040 2127 col.
1074 2094 1178 2127 1394.
1206 2090 1298 2127 olim
1330 2091 1499 2138 cogitavi
1531 2092 1578 2127 de

207 2136 379 2173 Τιτάνων
400 2137 475 2174 coll
495 2137 598 2174 said.
620 2150 648 2174 s,
671 2151 704 2174 v.
736 2142 902 2181 Τιτᾶνας
921 2141 1027 2188 βοᾶν.
1056 2139 1216 2187 Diogen.
1243 2139 1331 2176 VIII
1349 2143 1415 2184 47;
1440 2141 1578 2176 Macar.

200 2183 286 2220 VIII
311 2188 357 2220 38
392 2188 554 2228 Τιτᾶνας
572 2188 685 2234 βοᾶν·
713 2187 775 2224 ἐπὶ
800 2193 876 2224 τῶν
901 2187 1142 2235 κεκραγότων
1166 2187 1274 2230 τινὰς
1305 2188 1360 2229 εἰς
1377 2188 1577 2236 βοήθειαν,

201 2234 241 2268 at
274 2233 446 2279 Τιτήνων
480 2234 699 2271 defenditur
728 2236 913 2272 memoria
949 2235 1026 2274 loci
1051 2236 1138 2272 Hes.
1165 2236 1292 2285 theog.
1321 2240 1511 2273 669—673
1538 2238 1579 2273 in

204 2292 278 2326 quo
306 2281 486 2319 Libanius
519 2283 688 2319 codicem
714 2283 887 2320 familiae
912 2284 980 2321 ab
1006 2287 1054 2330 (v.
1075 2288 1159 2328 669)
1185 2295 1388 2332 usurpasse
1414 2284 1577 2321 videtur.

205 2329 250 2365 cf.
272 2328 339 2373 Qu.
362 2329 436 2366 Sm.
457 2331 544 2367 XIV
563 2335 633 2368 550
706 2336 727 2368 6
754 2343 793 2368 σε
818 2333 955 2380 scripsi
980 2335 1131 2369 auctore
1157 2333 1214 2370 Re
1244 2346 1283 2370 τε
1308 2333 1398 2369 libri
1431 2333 1505 2369 edd

201 2380 223 2412 8
250 2377 320 2423 γὰρ
347 2391 407 2415 om
435 2380 464 2416 S
536 2384 558 2416 8
584 2381 709 2416 καὶ-
725 2384 746 2416 9
772 2380 943 2426 Τιτήνων
968 2393 1030 2417 om
1055 2381 1144 2419 SVi

1603 932 1638 958 10

1602 1265 1635 1292 15
