1806 2964
289 221 377 264 442
874 222 1056 258 LIBANII

290 333 450 386 μάχους.
490 335 528 374 2.
555 333 604 373 σὺ
630 330 673 374 δὲ
697 331 794 386 ἡμῖν
818 334 970 375 τούτων
994 330 1032 375 εἴ
1052 341 1130 375 τῶν
1156 335 1360 390 δευτέρων.
1386 343 1598 392 τοιγαροῦν
1622 334 1644 378 ὃ

289 401 434 446 ποθεῖς
459 397 571 452 ἔχεις,
595 398 785 448 ἐπαίνους
809 398 916 453 παρὰ
941 406 1018 440 τῶν
1038 401 1249 457 Κληματίῳ
1268 401 1475 453 συνήθων.
1508 401 1647 443 πολλοὶ

291 461 334 504 δὲ
358 458 482 515 οὗτοι,
507 463 557 503 σὺ
583 460 636 514 δ’,
660 464 697 504 εἰ
719 464 867 516 βούλει,
892 466 1098 518 προστίθει
1123 465 1190 505 καὶ
1214 465 1373 520 ἀγαθοί.

217 613 266 648 w
294 617 385 649 1198
923 606 1022 662 vvy'.

253 703 270 730 ι
716 687 1052 748 “Ηρακλειανῷ.
1104 703 1209 746 (355)

354 778 388 813 1.
427 769 557 822 Εἶδον
581 772 625 814 ἐν
649 778 732 822 τοῖς
763 774 893 828 λόγοις
925 786 997 815 σου
1022 774 1068 815 τὰ
1093 774 1188 828 βέλη
1219 775 1286 816 καὶ
1318 775 1391 817 οὐκ
1423 774 1474 816 ἂν
1500 776 1644 828 φαίην·

289 835 418 891 βάλλ’
441 839 612 892 οὕτως,
637 838 734 880 ἀλλὰ
753 843 918 892 μᾶλλον·
949 839 1166 881 πέπαυσο
1192 841 1388 894 βάλλων.
1427 837 1549 882 οἶσθα
1572 840 1647 894 γὰρ

289 902 343 952 ὡς
368 903 575 944 ὁπποῖόν
597 901 637 946 κ’
665 905 887 962 εἴπῃσθα.
932 909 968 946 2.
994 904 1060 958 ἐμὲ
1085 905 1128 946 δὲ
1149 907 1194 955 ,εἴ
1211 922 1270 954 τις
1294 906 1398 960 λέγοι
1422 913 1567 959 κακῶς,
1592 906 1648 958 μὴ

289 969 405 1010 τοῦτό
431 981 494 1010 σοι
517 971 676 1011 ποιείτω
701 971 888 1024 πόλεμον,
912 968 935 1011 ὃ
961 970 1060 1024 μηδὲ
1084 969 1188 1024 ἡμᾶς
1212 970 1383 1026 ἀλγύνει.

217 1119 266 1152 W
294 1123 386 1155 1254
923 1112 1023 1154 ουδ’.

237 1211 270 1236 11
731 1198 999 1254 Φασγανίῳ.
1051 1206 1216 1254 (355156)

354 1283 390 1320 1.
425 1278 613 1337 Ἐρωτᾷς,
638 1282 746 1330 ὅπως
777 1281 853 1334 ἔχει
885 1297 953 1334 μοι
976 1281 1022 1321 τὰ
1047 1282 1275 1336 πράγματα,
1300 1282 1343 1323 τὸ
1370 1282 1442 1323 σὸν
1467 1281 1510 1323 δὲ
1541 1282 1649 1331 ὅπως

291 1358 354 1386 σοι
373 1352 485 1399 σῶμα
503 1345 714 1400 πέπραγεν,
735 1346 783 1387 ού
804 1347 971 1399 μηνύεις
989 1346 1118 1401 ὥσπερ
1138 1347 1187 1388 οὐ
1206 1347 1389 1395 πλείονος
1408 1345 1532 1399 οὔσης
1550 1345 1648 1399 ἡμῖν

291 1410 390 1466 ὑπὲρ
422 1412 576 1452 ἐκείνου
607 1412 822 1466 φροντίδος
853 1410 880 1465 ἢ
906 1411 970 1453 σοὶ
999 1412 1090 1466 περὶ
1109 1413 1275 1453 τούτων.
1325 1410 1445 1453 ἄκουε
1477 1411 1527 1465 δὴ
1561 1407 1646 1454 οὖν.

237 1485 271 1512 ¹⁶
294 1480 331 1517 2.
356 1477 517 1532 γράμμα
536 1476 656 1519 οὐδὲν
674 1477 762 1529 ἥκει
781 1493 849 1530 μοι
868 1477 1057 1531 φοβερόν,
1082 1478 1307 1526 Σπεκτάτος
1327 1475 1369 1518 δὲ
1388 1477 1456 1518 καὶ
1479 1477 1648 1531 χρηστὸν

291 1542 572 1596 ἐπαγγέλλεται.
599 1542 619 1583 ὅ
646 1542 688 1584 δὲ
713 1543 861 1597 μάργος
886 1542 1035 1592 ἐκεῖνος
1058 1542 1125 1583 καὶ
1149 1543 1222 1596 τὴν
1245 1543 1441 1597 Μεγάλην
1466 1544 1648 1598 φθείρων

291 1609 407 1649 πόλιν
437 1608 491 1661 ἤν
521 1624 560 1648 τε
590 1607 846 1663 ἐκαρπούμην
878 1607 920 1648 ἐκ
945 1614 1015 1661 τῆς
1045 1608 1196 1657 πόλεως
1220 1608 1376 1663 τροφὴν
1407 1608 1464 1656 εἰς
1493 1607 1649 1663 ἑτέρους

292 1673 483 1726 μετέθηκε
514 1675 653 1730 γνώμῃ
685 1673 876 1726 βασιλέως
900 1673 1146 1728 χρησάμενος
1170 1672 1238 1714 καὶ
1261 1673 1409 1727 χρυσὸν
1433 1673 1649 1726 εἰσπράττει

293 1739 343 1791 δή
370 1755 414 1790 με
439 1739 539 1793 πρὸς
563 1739 632 1780 τὸν
656 1738 825 1793 ἄρχοντα
849 1738 1074 1788 ἐπιστείλας.
1102 1741 1140 1780 3.
1167 1734 1231 1790 ἐφ’
1262 1734 1322 1787 οἷς
1347 1738 1474 1786 οὕτως
1499 1736 1647 1792 ἠγανά-

301 1891 335 1925 V
364 1843 469 1901 4¹V1
491 1842 538 1901 γ’,
564 1842 658 1889 ρρνγ’.
692 1843 748 1879 Va
773 1841 814 1887 ε’,
841 1842 884 1878 ο’.
911 1842 940 1878 S
962 1842 1009 1890 β’,
1030 1841 1065 1878 ι’.
1100 1842 1147 1877 Vi
1164 1841 1252 1888 [ργ’]
1333 1845 1377 1878 10
1410 1844 1459 1879 VJ
1481 1841 1527 1889 γ’,
1552 1841 1648 1888 ρμδ’.

330 1902 356 1926 α
380 1902 397 1926 ε
412 1918 422 1933 ,
448 1903 496 1925 οα

364 1995 386 2027 5
413 1991 530 2027 Seeck
557 1995 635 2027 171.
663 1994 733 2027 324
831 1995 851 2026 7
877 1990 919 2026 Il.
939 1993 970 2027 θ
989 1995 1070 2027 282.
1097 1991 1142 2027 of.
1166 2002 1224 2037 ep.
1253 1994 1333 2026 231.
1363 1994 1443 2027 749.
1464 1994 1566 2027 1075.
1599 1990 1646 2028 N.

289 2038 422 2075 Jahxb.
447 2039 473 2075 f.
499 2039 614 2075 klass.
641 2038 716 2075 AJt.
733 2042 826 2075 1915
845 2039 945 2075 1588
1012 2042 1035 2075 8
1059 2038 1102 2074 Il.
1121 2052 1145 2075 υ
1165 2041 1234 2075 250
1297 2042 1339 2075 11
1362 2038 1506 2075 Sievere
1525 2042 1647 2082 224‚4.

293 2086 411 2123 Seeck
435 2091 516 2123 284.
543 2090 613 2122 324
711 2091 756 2123 15
782 2086 900 2123 Seeck
925 2090 993 2123 281
1087 2089 1130 2122 1¹¹1
1158 2086 1204 2123 ef.
1225 2097 1284 2133 ep.
1305 2089 1386 2122 5⁷2.
1419 2085 1564 2122 Sieven
1589 2089 1647 2122 68.

293 2134 411 2172 Seeck
435 2138 480 2170 41
557 2137 600 2170 18
626 2134 672 2171 cf.
691 2144 749 2181 ep.
770 2138 851 2171 4⁶3.
877 2137 950 2170 464

364 2232 386 2271 2'
411 2235 612 2284 Κληματίῳ
642 2235 777 2282 scripsi
809 2246 829 2271 e
857 2236 913 2272 Va
954 2234 1159 2282 κληματίου
1184 2235 1220 2271 V
1245 2234 1354 2271 Wolf
1423 2238 1445 2270 3
1477 2233 1557 2270 ὅσοι
1582 2233 1618 2270 V
1639 2234 1645 2281 Ι

293 2282 335 2320 δὲ
351 2283 458 2319 Wolf
525 2287 548 2319 8
567 2283 702 2320 ὁποῖον
720 2281 757 2319 κ’
781 2282 947 2330 εἴπῃσθα
970 2282 1062 2319 libri
1105 2293 1186 2319 corr
1204 2281 1312 2319 Wolf
1328 2285 1335 2329 Ι
1355 2281 1395 2319 λέ
1419 2295 1457 2319 οι
1474 2281 1547 2318 ucri
1575 2281 1608 2317 ei
1627 2292 1649 2317 e

300 2332 394 2368 VVa
431 2330 528 2378 λέγει
552 2330 640 2368 SVi
663 2330 771 2367 Wolf
832 2334 854 2366 9
879 2330 930 2378 μὴ
954 2330 997 2368 δὲ
1023 2330 1134 2367 VaVi
1207 2334 1251 2366 12
1277 2330 1341 2377 ἔχη
1399 2342 1424 2366 a
1448 2329 1468 2366 ἔ
1490 2342 1528 2366 οι
1594 2328 1654 2365 olf

342 2382 386 2414 18
435 2378 667 2427 άρβαροςῐΤα
685 2378 753 2415 ned
771 2378 885 2425 suppl
901 2378 960 2414 m‘
979 2380 987 2425 ι
1007 2375 1070 2424 ἄρ’
1093 2379 1182 2414 ante
1208 2377 1352 2420 ἐκεῖνος
1369 2377 1441 2414 Wo
1507 2375 1644 2425 delevi}

291 2426 374 2474 καὶ]
446 2426 531 2462 coni
555 2426 610 2463 Re
702 2429 747 2462 18
770 2431 880 2464 τοῦτο
907 2426 949 2463 δὲ
973 2424 1047 2462 κᾶν
1071 2426 1185 2463 &now
1214 2426 1254 2462 et
1279 2428 1373 2461 a—.4
1403 2424 1469 2462 litt
1498 2423 1647 2461 delet-e

292 2476 379 2509 ante
403 2474 469 2510 καὶ
495 2475 551 2511 Va
571 2476 579 2521 Ι
599 2473 810 2520 εἰσπράττει
834 2474 892 2511 Va
915 2473 983 2511 ned
1006 2473 1163 2519 ιίσπράτ
1187 2472 1250 2509 del
