1806 2964
687 212 961 250 Ems‘runffl
990 216 1133 250 ιε’-πο
1231 199 1234 201 ’
1535 212 1589 257 1⁵1

206 336 286 372 τῶν
310 328 556 384 πραγμάτων
582 328 626 369 τὸ
650 331 813 381 πλῆθος
837 326 905 368 καὶ
930 334 1011 368 τῶν
1034 334 1186 369 κοινῶν
1211 325 1237 379 ἡ
1259 326 1426 382 φροντὶς
1451 326 1526 367 οὐκ
1545 325 1591 383 ἐᾷ

211 402 292 438 τῶν
316 395 475 437 οἰκείων
501 394 787 448 ἐπιμελεῖσθαι.
833 398 871 435 2.
898 390 1018 436 τοῦθ’
1048 394 1168 448 ἥδιόν
1193 410 1262 448 μοι
1286 394 1448 448 πείθειν
1473 392 1591 446 ε’μαυ-

210 464 279 505 τὸν
304 461 331 516 ἢ
357 463 414 504 ὅτι
443 462 492 503 σὺ
518 468 597 503 τῶν
624 462 757 514 φίλων
781 460 863 503 ὑπὸ
888 469 960 516 τῆς
984 460 1109 516 ἀρχῆς
1137 460 1355 513 ἐπελάθου,
1380 458 1430 502 ὃν
1454 460 1591 502 ἀκούω

209 530 468 585 μετριώτερον
493 529 574 571 ὑπὸ
606 535 678 583 τῆς
709 528 893 579 ἐξουσίας
923 526 1028 571 εἶναι
1053 528 1119 575 καὶ
1146 529 1274 586 τούτῳ
1299 535 1371 570 τοῦ
1396 527 1592 583 προτέρου

206 595 413 650 διαφέρειν
438 600 492 655 τῷ
514 596 637 637 πλείω
660 596 864 650 πράττειν·
897 595 952 646 ὡς
980 596 1003 637 ὅ
1020 612 1064 651 γε
1094 596 1240 652 τρόπος
1255 594 1335 650 <ὁ>
1353 595 1490 649 αὐτός,
1514 595 1591 636 εἰσὶ

209 662 252 705 δὲ
278 665 319 706 οἳ
342 663 528 718 λέγουσιν
553 661 607 712 ὡς
633 661 700 703 καὶ
725 663 902 716 βελτίων.
938 667 976 704 3.
998 658 1249 716 Ἰανουάριος
1267 661 1339 715 μὲν
1360 656 1436 703 οὖν
1461 660 1590 715 ἀπαγ-

207 734 314 787 γελεῖ
341 743 404 771 σοι
435 729 526 785 περὶ
557 727 694 783 ἡμῶν,
727 727 781 779 ὡς
815 729 1119 785 ἀρρωστοῢμεν,
1154 730 1191 771 εἰ
1224 729 1279 783 μή
1314 742 1357 771 σε
1388 728 1590 780 ἐξαπατᾶν

206 799 392 852 βούλοιτο
420 804 490 838 τοῦ
517 796 573 851 μὴ
599 800 758 838 λυπεῖν·
786 796 848 838 ἀεὶ
872 798 948 852 γάρ
974 814 1053 839 τινι
1077 798 1406 851 προσπαλαίομεν
1430 798 1589 850 κύματι.

202 865 270 906 καὶ
301 865 453 917 ταύτην
484 865 646 917 τίνομεν
676 867 730 920 τῷ
764 864 891 920 Φιλίῳ
927 865 1003 918 τὴν
1039 865 1179 918 δίκην,
1212 863 1273 905 ὅτι
1305 864 1356 917 δή
1389 881 1425 905 τι
1457 864 1589 916 φίλων

202 930 301 986 ἡμῖν
325 931 459 984 ε’φάνη
485 931 728 985 τιμιώτερον,
765 933 804 971 4.
831 930 907 986 ἐγὼ
934 930 978 973 δέ
1004 944 1067 973 σοι
1091 930 1182 985 περὶ
1201 931 1327 972 αὐτοῦ
1346 930 1473 986 λέγειν
1498 931 1586 984 ἔχω,

203 998 258 1048 ὡς
282 998 325 1040 ἐν
353 999 538 1052 δυσχερεῖ
559 997 755 1051 διοικήσει
786 998 954 1052 χρηστὸς
985 998 1162 1053 ἐδείχθη.
1198 997 1267 1039 καὶ
1291 1004 1434 1040 τοῦτον
1459 997 1587 1052 μόνον

201 1067 246 1108 οἵ
270 1081 310 1107 τε
341 1064 487 1119 ταχέως
514 1066 559 1106 οἴ
588 1080 626 1106 τε
652 1064 832 1120 βραδέως
867 1060 925 1106 ὧν
959 1066 1125 1123 ἔχρῃζον
1159 1065 1343 1120 τυχόντες
1368 1060 1569 1123 ἐπῄνεσαν

206 1134 406 1186 τοσαύτην
433 1132 627 1186 ἀνεμίγνυ
646 1133 832 1187 γοητείαν
851 1137 937 1183 ταῖς
956 1132 1186 1186 ἀναβολαῖς.
1218 1139 1435 1187 τοιγαροῦν
1453 1131 1586 1174 ἀπιὼν

204 1199 298 1257 ἀνιᾷ
330 1200 425 1249 τοὺς
456 1200 653 1252 βελτίους,
687 1200 789 1241 διότι
819 1199 961 1253 παρὼν
995 1199 1070 1241 οὐκ
1100 1199 1311 1253 ἐλύπησεν.
1352 1202 1390 1241 5.
1423 1198 1511 1253 ἐμοὶ
1543 1198 1585 1240 δὲ

205 1266 379 1324 δεομένῳ
406 1272 598 1308 τοσοῦτον
623 1265 782 1320 ἀπεῖχεν
807 1265 996 1308 ἀπενθεῖν
1021 1263 1115 1308 ὥστ’
1131 1267 1174 1313 ,εἰ
1198 1268 1440 1320 διαλείποιμι
1465 1273 1583 1308 τοῦτο

200 1341 352 1382 ποιῶν.
391 1334 508 1387 ’ὕβριν
542 1333 586 1374 τὸ
619 1341 783 1388 πρᾶγμα
817 1333 946 1375 ἐκάλει
980 1334 1048 1375 καὶ
1081 1333 1329 1388 διεμέμφετο.
1374 1333 1421 1374 τὰ
1455 1333 1506 1375 σὰ
1541 1333 1583 1375 δὲ

200 1400 339 1455 ἀγαθὰ
364 1401 538 1453 νομίζων
564 1399 691 1441 αὑτοῦ
715 1415 754 1441 τε
780 1400 848 1441 καὶ
867 1399 941 1454 ε’μὰ
969 1401 991 1442 ’ὅ
1015 1416 1053 1441 τι
1076 1401 1206 1454 μάθοι
1224 1399 1372 1455 τρέχων
1398 1399 1453 1449 ὡς
1477 1398 1584 1454 ἡμᾶς

202 1467 349 1520 ἐμήνυε
375 1471 429 1524 τῷ
454 1467 656 1524 προσώπῳ
682 1468 889 1520 κηρύττων
921 1467 995 1520 τὴν
1030 1466 1198 1521 ἡδονήν.
1242 1463 1359 1508 εἷπον
1384 1466 1435 1508 ἂν
1460 1468 1582 1508 πλείω

199 1534 300 1588 πρὸς
324 1533 565 1589 ἀγνοοῦντα,
591 1540 668 1574 νῦν
695 1530 732 1574 δ’
755 1533 962 1575 ἐπίστασαι
988 1534 1057 1575 τὸν
1083 1531 1223 1588 ἄνδρα.

268 1692 288 1723 6
315 1688 361 1723 cf.
383 1698 440 1732 op.
466 1691 509 1723 19
536 1699 572 1733 p.
596 1691 651 1731 16,
673 1691 757 1734 Gnq.
836 1691 857 1723 9
885 1687 931 1723 cf.
954 1688 980 1724 t.
1002 1687 1019 1723 I
1041 1691 1122 1731 141,
1139 1691 1182 1724 19

271 1838 294 1869 4
318 1833 584 1881 μετριώτερον]
613 1833 721 1879 „fort-
742 1834 856 1870 οὐδὲν
882 1831 1179 1880 μετεωρότερον“
1208 1834 1263 1870 Re
1334 1838 1357 1870 5
1383 1833 1404 1870 ὁ
1430 1834 1578 1871 inserui

223 1893 284 1918 om
308 1881 398 1918 libri
424 1882 491 1918 aod
517 1881 557 1917 in
584 1893 645 1917 ras
672 1889 691 1918 1
712 1881 779 1919 litt
812 1883 860 1927 V,
891 1883 967 1918 edd
1058 1886 1079 1918 6
1113 1882 1359 1927 ἰαννουάριος
1388 1882 1479 1919 libri
1511 1884 1579 1920 sed

199 1932 273 1978 νβ)
298 1930 400 1966 inser
432 1929 504 1967 Vo²
530 1931 576 1966 ef.
599 1943 635 1977 p.
659 1934 751 1976 16,ss
846 1935 868 1968 8
895 1931 966 1977 γάρ
993 1944 1052 1967 τοι
1088 1931 1132 1967 Va·
1205 1935 1226 1967 9
1258 1945 1295 1967 τι
1319 1931 1463 1968 inserui
1490 1934 1579 1968 aute

201 1978 322 2025 φίλων
341 1989 363 2015 e
390 1979 430 2022 V,
450 1980 538 2015 aute
558 1979 778 2025 τιμιώτερον
798 1979 902 2016 inser
930 1980 1000 2017 Vo'
1014 1980 1060 2016 Vi
1085 1979 1159 2016 odd
1198 1991 1260 2020 om
1291 1979 1320 2016 S
1402 1984 1447 2017 18
1473 1980 1579 2028 ἔχρη-

197 2030 262 2071 ζον
287 2027 376 2063 libri
403 2027 479 2063 edd
556 2031 599 2063 13
625 2026 810 2076 ἁνεμίγνυ
838 2029 874 2065 V
893 2029 961 2065 sed
979 2030 1069 2075 post
1092 2042 1117 2065 υ
1135 2040 1198 2064 ns
1219 2033 1236 2064 1
1259 2027 1323 2064 litt
1334 2030 1403 2075 (εἳ)
1426 2030 1432 2075 Ι
1454 2030 1579 2066 ἀπιὼν

197 2087 258 2112 om
277 2075 307 2112 S
322 2076 366 2112 Vi
387 2076 394 2124 Ι
467 2077 505 2112 ut
523 2076 648 2113 ἀπιὼν
665 2087 728 2112 m
750 2081 767 2113 1
790 2076 857 2113 lisst
890 2077 927 2114 V
984 2080 1029 2113 14
1055 2075 1268 2124 βελτίστους
1292 2076 1322 2114 S
1336 2077 1384 2114 Vi
1440 2081 1482 2114 17
1511 2079 1578 2115 αὐ-

196 2130 263 2161 τοῦ
288 2123 381 2209 libr}
409 2124 517 2208 Wollff
545 2129 547 2151 ³
602 2125 653 2166 ὡς
684 2126 737 2162 Vo
762 2125 830 2162 sed
857 2137 1033 2172 suprascr
1058 2136 1175 2172 supra
1198 2125 1403 2162 lectionem
1428 2137 1577 2163 eranam

269 2175 312 2208 19
339 2174 364 2209 δ
460 2185 482 2210 o

1608 942 1642 969 10

1606 1277 1639 1304 1⁵
