1806 2964
265 206 350 248 746
847 206 1030 243 LIBANII

190 324 240 359 W
265 329 335 360 ‘138
891 316 997 364 ωκς’.

792 403 932 458 Γαΐῳ.
983 411 1090 455 (363)

326 487 362 523 1.
393 483 445 525 Τὸ
480 484 633 537 ποίημά
666 483 771 525 ἐστιν
807 483 970 533 ἔπαινος
996 485 1126 533 δεξιοῦ
1152 486 1332 541 ῥήτορος,
1366 485 1457 540 ἔγὰΐ
1476 485 1519 528 δὲ
1542 493 1621 528 τῶν

262 553 420 590 πολλῶν
445 548 607 590 ἐκείνων
639 548 706 589 καὶ
737 549 917 603 μεγάλων
946 549 990 589 ἐν
1014 549 1170 606 ἐμαυτῷ
1196 553 1322 603 ζητῶν
1347 547 1466 605 εὗρον
1491 551 1621 593 οὐδέν.

227 631 244 657 5
264 610 348 655 ἀλλ’
377 614 533 667 ὤνημαι
559 613 631 667 μὲν
656 614 815 667 μαθών,
840 613 867 654 ἃ
890 621 1017 655 ποιῶν
1042 614 1092 655 ἅν
1117 631 1175 665 τις
1200 615 1353 670 ἀγαθὸς
1371 617 1432 669 εἴη
1452 629 1622 672 συγγρα-

264 681 379 732 φεύς,
403 679 482 732 εἰμὶ
508 679 550 720 δὲ
575 687 654 721 τῶν
678 679 725 719 τὰ
750 683 885 730 φαῦλα
909 681 1151 734 γεννώντων.
1197 685 1234 722 2.
1259 683 1297 723 εἰ
1319 681 1362 723 δὲ
1387 682 1450 724 σοὶ
1474 682 1529 735 μὴ
1555 683 1621 724 δο-

264 752 335 797 κῶ,
360 745 597 798 θαυμαστὸν
629 744 764 786 οὐδέν·
797 745 839 785 τὸ
874 745 948 800 γὰρ
974 749 1104 797 φιλεῖν
1129 746 1326 796 ἐξαπατᾶν
1350 747 1515 800 πέφυκε.
1558 748 1621 790 διὸ

262 810 330 851 καὶ
365 810 522 864 σφόδρα
553 809 742 865 ἠγάσθην
771 817 851 851 τῶν
881 809 1055 865 ἀνδρῶν,
1086 807 1147 860 οἷς
1177 812 1306 862 ἔδειξα
1340 812 1383 854 τὸ
1408 812 1620 867 ἐγκώμιον·

263 875 452 929 ἀπῆλθον
477 875 552 930 γὰρ
577 875 680 917 πολὺ
705 876 904 928 φήσαντες
928 875 1142 930 ἑωρακέναι
1173 884 1244 918 τοῦ
1269 878 1505 931 ποιητοῦ-τὸ
1531 879 1621 930 φίλ-

210 958 244 983 10
262 957 357 995 τρον
387 942 444 991 εἰς
474 942 544 983 τὸν
575 942 734 996 ῥήτορα.
780 943 817 982 3.
850 941 916 982 καὶ
947 941 1065 996 ἔγωγε
1100 942 1175 984 οὐκ
1205 943 1278 997 ἔχω
1312 943 1334 984 ὅ
1363 960 1400 984 τι
1430 951 1544 984 ποιῶ.
1587 944 1624 984 εἰ

263 1006 336 1060 μὲν
367 1006 441 1060 γὰρ
474 1007 672 1060 κρύψαιμι
703 1007 807 1048 οὕτω
838 1007 936 1047 καλὰ
962 1007 1052 1060 ἔπη,
1083 1008 1152 1049 τὸν
1181 1009 1403 1062 ποιήσαντα
1427 1008 1621 1062 ἀδικήσω·

267 1072 425 1121 δεικνὺς
457 1071 498 1112 δὲ
529 1072 676 1126 γέλωτα
707 1070 871 1125 ὀφλήσω
896 1073 1077 1125 οἰόμενος
1102 1073 1220 1123 αὐτὸς
1245 1073 1287 1114 ἐν
1312 1078 1394 1123 τοῖς
1418 1074 1550 1115 ἔπεσιν
1568 1070 1622 1116 εῖ-

267 1155 345 1179 ναι.
390 1141 428 1178 4.
454 1133 539 1178 ἀλλ’
569 1138 677 1187 ὅπως
711 1136 784 1190 μὲν
808 1138 904 1190 μήτε
935 1137 976 1179 σὲ
1002 1139 1096 1191 μήτε
1122 1139 1292 1192 ἐμαυτὸν
1318 1139 1510 1192 ἀδικήσω,
1535 1139 1622 1181 σκὲ-
1646 1151 1648 1154 “

262 1214 413 1256 ψομαι·
439 1203 508 1245 τὸν
534 1202 732 1255 στέφανον
757 1202 800 1244 δὲ
819 1204 1046 1255 Εὐδαίμονι
1064 1204 1238 1261 προτέρῳ
1257 1205 1435 1258 περιθεὶς
1459 1212 1621 1259 πρᾶγμα

211 1285 244 1311 15
263 1269 465 1322 ἐποίησας,
497 1266 518 1309 ὃ
550 1267 626 1309 κᾶν
657 1268 777 1317 αὐτὸς
807 1268 897 1323 ἐγώ,
929 1269 1096 1323 ποιητὴς
1130 1270 1237 1324 εἴπερ
1262 1266 1326 1324 ἧν.
1371 1269 1391 1310 ὅ
1418 1270 1491 1324 γὰρ
1517 1269 1620 1325 ἀνὴρ

263 1335 418 1387 ἔμελλεν
443 1334 551 1390 αὐτῷ
576 1339 628 1390 τῷ
649 1335 743 1375 εἴδει
774 1334 848 1387 τὴν
879 1333 1054 1388 ἀμοιβὴν
1086 1334 1322 1386 ἀποδώσειν,
1347 1336 1502 1388 ποίημα
1526 1334 1614 1376 ἀντὶ

262 1400 494 1453 ποιήματος.
537 1399 604 1440 καὶ
638 1400 738 1448 ὅλως
772 1399 865 1448 τοὺς
900 1403 1047 1452 μᾶλλον
1083 1399 1245 1454 ὁμοίους
1279 1401 1355 1455 πρὸ
1390 1407 1470 1442 τῶν
1503 1396 1621 1452 ἧττον

263 1465 398 1514 αὐτοῖς
429 1465 616 1506 ἐοικότων
647 1466 839 1506 εἰώθασιν
869 1464 1083 1520 ἅνθρωποι
1112 1470 1328 1507 ποιεῖσθαι.
1374 1467 1413 1507 5.
1444 1472 1515 1507 τοῦ
1546 1460 1621 1520 οὖν

262 1535 496 1584 τετιμῆσθαι
522 1534 670 1583 μᾶλλον
696 1526 786 1571 οἶδα
810 1531 924 1585 χάριν
948 1529 975 1584 ἣ
1001 1532 1202 1585 λογίζομαι
1226 1532 1391 1587 πότερος
1421 1531 1619 1586 πρότερος.

190 1657 240 1693 w
267 1661 336 1693 739
891 1646 990 1698 ωκζ.

210 1749 243 1775 ²1
741 1734 986 1789 Μοδέστῳ.
1038 1742 1144 1786 (363)

327 1821 363 1857 1.
386 1813 587 1865 Ἐλπίδιος
611 1816 746 1857 οὑτοσὶ
770 1821 866 1866 παῖς
891 1816 962 1869 μέν
987 1816 1066 1857 ἔστι
1092 1815 1282 1869 Ξιφιδίου
1307 1823 1379 1858 τοῦ
1403 1817 1525 1870 πάνυ,
1550 1823 1622 1858 τοῦ

262 1882 412 1935 πατρὸς
437 1881 479 1923 δὲ
505 1882 554 1923 οὐ
579 1882 808 1934 λειπόμενος
832 1882 929 1922 κατὰ
954 1882 1028 1935 τὴν
1052 1881 1192 1936 τέχνην
1211 1883 1373 1923 πάντων
1392 1881 1622 1936 ἀνθρώπων

337 1990 355 2020 1
391 1986 459 2021 VII
480 1984 527 2031 β’,
554 1985 644 2032 σκβ’.
671 1985 725 2021 Va
752 1985 795 2030 ζ’,
820 1984 902 2031 σιγ’.
936 1986 987 2022 Vo
1012 1984 1081 2030 (ζ’),
1107 1984 1188 2031 σιγ’.
1214 1985 1244 2022 S
1266 1985 1313 2029 δ’,
1339 1982 1401 2033 aff
1480 1988 1526 2020 20
1559 1985 1624 2021 VII

263 2032 311 2079 β’,
338 2032 428 2079 σκγ’.
463 2033 518 2068 Va
543 2032 585 2076 ζ,
612 2032 695 2069 σιδ’.
729 2034 781 2070 Vo
806 2031 876 2078 (ἴ),
902 2032 985 2069 σιδ’.
1012 2033 1090 2069 Mo.
1117 2033 1193 2069 Ath

336 2132 356 2163 2
383 2127 431 2163 cf.
455 2138 515 2173 ep.
535 2131 638 2164 1347.
671 2127 789 2164 Seeck
815 2132 894 2163 161.
922 2131 991 2164 398
1089 2131 1133 2163 14
1159 2127 1205 2163 cf.
1237 2138 1284 2173 ep
1324 2131 1403 2163 108.
1432 2131 1510 2163 132.
1537 2130 1619 2162 632.

264 2178 345 2211 633.
373 2174 490 2211 Seeck
518 2179 583 2211 131
673 2179 715 2211 15
742 2176 789 2211 cf.
810 2186 867 2221 ep.
888 2179 958 2211 828
1062 2179 1105 2211 21
1133 2175 1281 2211 Sievers
1301 2179 1382 2219 2³1,
1403 2179 1458 2210 11.
1503 2173 1621 2210 Seeck

264 2226 344 2258 215.
373 2225 443 2258 398
517 2226 562 2258 22
590 2222 707 2259 Seeck
734 2227 800 2259 171
821 2222 872 2258 IV

338 2321 360 2353 8
386 2316 543 2361 ἐδίδαξα
569 2318 685 2354 VaVo
709 2317 777 2354 sed
801 2317 842 2353 in
865 2318 938 2353 hoc
967 2317 1009 2353 in
1039 2317 1163 2361 ἔδειξα
1188 2329 1270 2354 corr
1294 2317 1351 2353 m‘
1446 2320 1467 2352 9
1492 2316 1619 2353 πολλοὶ

263 2365 293 2401 S
311 2367 318 2410 Ι
339 2364 382 2401 τὸ
408 2364 550 2400 inserui
575 2376 595 2400 e
622 2365 688 2402 VS
722 2376 783 2401 om
810 2366 927 2402 VaVo
951 2364 1060 2400 Wolf
1112 2369 1156 2400 16
1182 2365 1283 2413 αὐτῷ
1311 2366 1367 2402 Va
1423 2367 1467 2399 18
1492 2364 1621 2406 αὐτοῖς

263 2411 353 2448 libri
378 2412 486 2448 Wolf
556 2416 600 2448 19
625 2411 806 2458 πρότεροσ
831 2413 867 2450 V
886 2413 951 2448 sed
969 2412 979 2424 ‘
1001 2414 1041 2448 et
1065 2422 1109 2449 οσ
1133 2423 1216 2448 con·
1238 2412 1295 2448 ιιι*
1330 2411 1475 2461 ποτέρῳ
1498 2411 1529 2448 S

264 2463 310 2495 22
336 2458 526 2506 ξιφειδίον
551 2461 691 2497 VaAth
