1806 2964
610 215 881 254 EPISTULAE·
907 218 1099 254 337-339
1207 224 1209 226 ·
1457 214 1545 258 319

167 332 235 374 σοί
256 347 296 373 τε
328 330 576 387 ἀρεσκούσης
606 329 675 372 καὶ
709 328 896 372 Τιτιανὸν
926 330 1138 383 τεκούσης,
1169 328 1236 371 καὶ
1268 328 1328 371 ὅτι
1353 327 1404 370 σὺ
1429 328 1547 370 δυοῖν

169 398 341 456 βαρύνῃ,
366 402 420 455 τῷ
445 412 485 439 τε
511 397 672 451 ἐκείνην
696 397 865 450 κάμνειν
889 394 958 437 καὶ
989 400 1044 455 τῷ
1071 402 1153 437 τῶν
1184 394 1355 451 ἀγώνων
1386 393 1548 436 ἀπεῖναι

167 471 240 507 τοῦ
272 465 476 518 φιλτάτου.
521 466 559 505 3.
591 462 919 518 παρεμυθούμην
950 459 990 504 δ’
1014 456 1090 504 οὖν
1115 461 1290 516 ἐμαυτὸν
1319 461 1364 504 ἐκ
1393 467 1466 503 τοῦ
1491 460 1545 514 μὴ

167 531 299 573 πάντα
322 526 426 572 εἶναι
450 534 545 579 τοῖς·
559 528 796 585 ἀνθρώποις
821 528 1001 583 εὐτυχεῖν
1019 528 1087 570 καὶ
1107 535 1284 583 συνεχῶς
1302 528 1456 586 ἐπῇδον
1480 527 1543 569 τό·

168 593 265 639 ἀλλ’
295 595 455 646 οὔπως
479 596 574 650 ’ἅμα
599 596 765 637 πάντα.
798 597 838 636 4.
864 595 1113 650 Στρατήγιος
1133 593 1177 637 δὲ
1194 594 1262 636 καὶ
1282 595 1333 649 δὴ
1354 598 1544 650 λαμπρῶς
1582 606 1601 634 5

167 664 340 719 κατεβόα
363 669 434 718 τῆς
462 663 593 717 Τύχης
616 660 685 703 καὶ
710 659 769 703 ὢν
795 661 926 716 ὥσπερ
945 661 1024 716 πρὸ
1049 668 1122 703 τοῦ
1140 661 1208 703 καὶ
1227 661 1361 716 φόβον
1385 660 1456 703 τὸν
1474 667 1546 702 τοῦ

168 729 352 786 λέγοντος
377 729 633 783 φοβούμενος
658 726 780 770 οὐδὲν
806 727 829 770 ὅ
853 743 891 769 τι
916 727 992 769 οὐκ
1016 726 1235 783 ἐφθέγγετο
1261 727 1352 783 περὶ
1376 734 1448 781 τῆς
1472 733 1547 780 σῆς

168 796 378 845 ἀπουσίας.
421 797 460 836 5.
486 794 562 850 ἐγὼ
587 794 661 849 μὲν
692 789 770 836 οὖν
800 794 942 847 εἴσειμι
972 793 1043 835 τὸν
1070 789 1227 849 Ἑρμῆν
1259 792 1347 835 ἀντὶ
1378 801 1453 835 σοῦ
1478 808 1546 847 μοι

168 863 367 905 πιστεύων
391 861 569 914 ἔσεσθαι,
595 860 638 903 σὲ
663 859 707 918 δὲ
732 861 795 914 εἴη
820 867 901 902 τῶν
931 859 1143 916 παρόντων
1176 859 1450 916 ἀπαλλαγέντα
1474 876 1547 901 κα-

168 935 253 971 κῶν
278 927 413 970 ἐλθεῖν
438 926 511 981 μὲν
538 925 591 977 ὥς
616 925 742 982 ἡμᾶς,
773 927 811 968 εἰ
839 925 1015 981 βέλτιον,
1047 927 1182 980 μένειν
1207 925 1251 968 δὲ
1275 926 1374 968 κατὰ
1399 927 1546 982 χώραν,
1567 941 1602 968 ιο

168 995 206 1037 εἰ
228 994 393 1050 βέλτιον.

803 1086 903 1131 τλθ’.
1473 1096 1523 1132 W
1549 1100 1620 1133 ³42

620 1171 886 1234 Ἀνατολίω.
920 1171 1093 1230 (357l58)

234 1266 272 1302 1.
297 1259 414 1301 Καλά
437 1258 481 1315 γε’
507 1271 572 1301 σοι
595 1259 644 1301 τὰ
668 1258 937 1315 πεπραγμένα.
969 1258 1151 1314 γενέσθω
1172 1258 1224 1312 δὴ
1243 1257 1356 1300 ταυτὶ
1374 1257 1422 1300 τὰ
1446 1258 1547 1299 καλὰ

170 1327 238 1369 καὶ
262 1327 395 1368 πλείω.
421 1326 593 1367 πιστεύω
613 1325 656 1367 δέ
676 1338 718 1368 σε
736 1326 887 1368 πείσειν
906 1325 1031 1376 ἀξιῶν
1050 1324 1293 1366 ἀκολουθεῖν
1313 1338 1355 1367 σε
1374 1328 1428 1382 τῷ
1449 1336 1546 1366 σαυ-
1570 1334 1603 1361 1⁵

170 1399 243 1435 τοῦ
270 1392 390 1451 νόμῳ.
424 1396 462 1434 2.
489 1388 554 1445 ἐφ’
579 1388 640 1442 οἷς
665 1390 738 1446 μὲν
763 1386 840 1434 οὖν
864 1391 1036 1450 ἐπαινῇ,
1062 1392 1190 1446 συχνά
1208 1407 1247 1432 τε
1271 1390 1370 1432 ἄλλα
1395 1390 1462 1432 καὶ
1488 1391 1548 1432 ὅτι

171 1460 387 1514 διατρίβων
413 1457 455 1500 ἐν
481 1459 657 1500 Παίοσιν
683 1458 759 1500 οὐκ
777 1457 978 1500 ἐπελάθου
998 1464 1079 1499 τῶν
1098 1458 1207 1516 τῇδε,
1232 1453 1316 1499 ἀλλ’
1341 1457 1395 1508 ὡς
1419 1456 1471 1499 ἄν
1488 1473 1548 1507 τις

175 1525 313 1568 συνών
337 1541 377 1566 τε
402 1525 467 1566 καὶ
494 1527 644 1579 συζῶν,
671 1525 780 1575 ὅπως
803 1531 884 1566 τῶν
909 1538 973 1567 σοι
1003 1526 1218 1581 γνωρίμων
1243 1523 1311 1565 ἐπί
1331 1541 1368 1565 τι
1392 1523 1549 1578 βέλτιον

172 1590 335 1641 ἕκαστος
360 1592 535 1646 προβαίη
567 1595 729 1641 σκοπεῖς
758 1590 827 1633 καὶ
854 1591 1037 1646 πράττεις
1066 1606 1110 1646 γε
1142 1597 1313 1632 σκοπῶν.
1361 1593 1399 1633 3.
1426 1589 1480 1641 ὥς
1505 1589 1548 1632 δὲ

173 1653 272 1712 ἧκεν
297 1656 397 1712 ἡμῖν
422 1657 465 1699 τὸ
492 1657 610 1713 ἔργον
635 1665 706 1711 τῆς
731 1657 787 1707 εἰς
813 1659 998 1711 Σαβῖνον
1023 1658 1226 1711 σπουδῆς,
1253 1655 1372 1699 οὐδὲν
1398 1651 1451 1710 ἦν
1470 1656 1549 1698 ἕτε-
1567 1666 1603 1693 ¹⁰

173 1739 247 1778 ρον
271 1723 435 1765 ἀκούειν
460 1719 661 1780 ᾀδόμενον
686 1722 713 1778 ἢ
739 1723 799 1765 ὅτι
822 1724 919 1781 τῷδε
943 1723 1052 1779 παρὰ
1083 1724 1201 1765 τοῦδε
1237 1722 1303 1765 διὰ
1335 1723 1405 1765 τὸν
1437 1724 1550 1765 δεῖνα

249 1832 292 1864 12
327 1829 377 1865 Vl
399 1828 444 1874 γ’,
472 1827 549 1865 καθ’.
582 1829 640 1865 Va
665 1826 713 1874 δ’,
739 1826 818 1865 ποθ’.
851 1828 904 1865 Vo
930 1826 977 1872 δ’,
1003 1826 1080 1865 ποθ’.
1106 1827 1136 1866 S
1160 1827 1206 1876 β’,
1233 1827 1303 1865 νδ’.
1339 1829 1385 1864 Vi
1410 1827 1468 1874 ρκ’

245 1929 267 1961 3
294 1924 382 1961 Eur.
409 1924 588 1961 Stheneb.
614 1924 661 1962 fr.
681 1928 765 1962 661.
791 1924 897 1961 Alex.
917 1924 963 1961 fr.
983 1927 1030 1960 45
1056 1924 1113 1960 N*
1175 1928 1197 1959 5
1221 1924 1266 1961 11.
1286 1926 1311 1961 δ
1335 1928 1405 1960 320
1422 1924 1472 1960 cf.
1490 1935 1547 1970 ep.

177 1977 258 2009 517.
288 1977 379 2009 1421
458 1976 500 2009 13
522 1972 642 2009 Seeck
667 1977 725 2011 65.
753 1976 834 2010 847.
862 1972 1031 2010 Silomon
1058 1976 1103 2009 15
1178 1976 1224 2009 20
1251 1972 1369 2009 Seeck
1395 1976 1464 2008 262

249 2073 268 2105 1
297 2070 355 2106 σοὶ
380 2071 488 2106 δυεῖν
512 2069 686 2117 βαρύνει·
720 2069 758 2107 V
843 2073 864 2105 3
895 2069 1200 2116 παρεθυμούμην
1232 2068 1341 2106 Wolf
1368 2069 1435 2105 sed
1467 2079 1551 2105 oon·

177 2117 263 2154 Add
288 2120 358 2154 861
434 2121 455 2153 6
482 2115 536 2154 ὢν
559 2117 713 2164 reposui
738 2128 759 2153 e
784 2116 894 2154 libris
918 2114 967 2164 ἦν
986 2117 1096 2154 Wolf
1138 2120 1143 2165 Ι
1189 2123 1332 2162 προτοῦ
1359 2118 1454 2154 VVa

178 2169 199 2202 ’1
226 2166 284 2203 ὅτι
309 2165 399 2202 libri
424 2165 534 2202 Wolf
602 2170 624 2202 8
651 2163 722 2203 οὖν
747 2165 850 2203 inser
876 2166 925 2202 V·
998 2170 1019 2202 9
1045 2172 1122 2203 τῶν
1145 2165 1349 2211 παρόντων
1374 2165 1511 2212 scripsi
1528 2172 1549 2201 e

184 2214 276 2251 VVo
310 2212 377 2251 τὸν
402 2212 577 2260 παρόντα
602 2214 659 2251 Va
683 2213 793 2250 Wolf
863 2217 909 2250 10
934 2215 1160 2262 καταχώραν
1180 2215 1233 2251 Vo
1308 2217 1352 2250 18
1378 2220 1429 2250 τῶ
1448 2213 1550 2250 αὐτῶ

178 2261 216 2308 (i.
237 2273 268 2299 e.
291 2260 498 2309 Ἀνατολίῳ)
523 2263 553 2300 S
566 2263 612 2299 Vs·
687 2266 732 2298 14
759 2262 807 2309 δὴ
831 2262 984 2309 reposui
1011 2274 1031 2298 e
1057 2262 1166 2298 libris
1204 2261 1247 2299 δὲ
1271 2261 1381 2298 Wolf
1437 2265 1482 2298 15
1508 2261 1553 2298 δέ

178 2310 314 2357 scripsi
347 2321 367 2346 e
391 2310 420 2348 S
433 2311 480 2348 Vi
513 2309 562 2356 δή
594 2311 751 2348 VVaVo
770 2310 901 2357 Wolf!
929 2311 1160 2348 ἀκολουθεῖν
1186 2311 1242 2358 σε]
1274 2309 1551 2354 ἀκολουθήσειν

186 2359 234 2395 Vi
272 2360 277 2404 Ι
317 2363 458 2399 σαυτοῦ
485 2359 537 2396 Vo
568 2358 635 2396 eod
669 2372 715 2396 ου
746 2358 787 2395 in
818 2369 880 2396 ras
911 2358 970 2395 m⁸
1043 2362 1088 2395 16
1113 2359 1178 2395 καὶ
1205 2360 1291 2394 ante
1316 2357 1408 2394 ἄλλα
1435 2358 1552 2395 VaVo

180 2405 291 2442 Wolf
324 2406 447 2444 delevi
522 2410 566 2443 17
591 2405 747 2444 παιόσιν
772 2407 807 2443 V
835 2406 902 2444 sed
927 2406 967 2443 in
998 2406 1154 2444 παίοσιν
1179 2417 1263 2443 oon·
1287 2406 1344 2442 m‘
1418 2411 1462 2443 18
1489 2417 1550 2442 συ-

181 2455 254 2498 ζῶν
282 2461 324 2492 1τε
354 2455 421 2492 καὶ
456 2456 581 2492 συνών
607 2456 643 2492 V
714 2458 758 2491 1⁹
782 2468 857 2501 προ
884 2454 955 2502 άλη
981 2455 1029 2492 Vi
1101 2459 1148 2491 20
1199 2461 1331 2492 ασῖνον
1357 2454 1410 2491 Vo
1447 2452 1551 2502 σαβί-

178 2515 248 2539 νου
275 2503 324 2540 Vs·
395 2506 440 2539 21
467 2503 623 2540 ἀκούειν
648 2503 791 2540 inserui
816 2514 837 2540 e
879 2503 970 2540 'bris
1008 2514 1070 2539 om
1094 2503 1168 2539 Wo
1185 2503 1204 2538 f
