1806 2964
634 175 907 213 EPISTULAE
934 179 1127 213 225—226
1214 184 1216 187 ·
1480 173 1569 217 211

189 290 312 340 αὐτὸς
335 290 400 343 εἴη
423 296 505 331 τῶν
529 289 656 332 πολλὰ
681 289 733 343 δὴ
758 289 1051 331 πεπλευκότων.
1087 289 1130 330 οἱ
1152 286 1195 330 δὲ
1220 287 1349 338 εὐθὺς
1367 287 1571 328 θάλαττάν

189 372 230 398 τε
259 355 328 398 καὶ
358 356 405 398 τὰ
437 357 638 410 θαλάττης
669 356 906 405 ἐννοοῦντες
930 356 974 397 οί
995 355 1068 409 μὲν
1093 355 1286 405 ἐξείλοντο
1311 354 1381 396 τὸν
1406 353 1569 395 ἀδικού-

190 438 313 477 μενον
343 422 411 464 καὶ
435 429 552 469 τοῦτο
578 422 715 472 αὐτοῖς
741 421 982 477 ἀπέχρησεν,
1014 422 1057 463 οἰ
1079 420 1122 463 δὲ
1147 421 1214 462 καὶ
1240 420 1475 474 συνέκοψαν
1499 421 1570 463 τὸν

191 488 475 544 ἀσελγαίνοντα
500 488 763 538 ἐπιπεσόντες.
814 492 853 530 4.
883 488 950 530 καὶ
974 488 1174 544 γεωργοὺς
1198 484 1309 529 εἶδον
1335 488 1454 541 ὅμοια
1478 503 1569 529 ποι-

190 562 336 605 οῦντας
361 551 428 608 ἐφ’
457 554 611 609 ὁμοίοις
635 554 703 596 καὶ
728 554 894 605 σκυτέας
915 555 966 608 δὴ
988 554 1055 596 καὶ
1074 554 1359 609 χαλκοτύπους.
1394 555 1437 595 οἱ
1452 552 1496 596 δὲ
1516 554 1567 607 δὴ

190 628 434 677 στρατιῶται,
454 617 675 677 τΗράκλεις,
699 627 781 677 πῦρ
806 621 980 676 ἐπισχεῖν
1006 622 1107 679 ῥᾷον
1125 619 1152 675 ἢ
1177 621 1345 670 τούτους
1371 620 1414 662 έν
1440 621 1569 662 τοιού·

190 704 284 738 τοις.
321 688 366 730 τὸ
393 687 436 730 δὲ
462 690 770 743 συνοργίζεσθαι
795 693 943 729 πεῖθον
955 689 1006 730 ἓν
1024 694 1241 742 πανταχοῦ,
1266 687 1309 729 τὸ
1329 686 1373 729 ἐν
1391 692 1476 737 τοῖς
1495 687 1568 728 αὐ-

190 759 273 804 τοῖς
297 756 429 810 βιοῦν.
476 757 514 796 5.
546 754 614 796 καὶ
647 761 726 796 νῦν
758 754 808 807 δὴ
843 756 929 809 ζῆτε
962 753 1034 808 μὲν
1059 754 1173 808 ὑμεῖς
1198 753 1243 795 ἐν
1271 754 1421 809 λόγοις,
1453 756 1498 811 ζῇ
1525 752 1568 794 δὲ

186 817 407 876 Ἀκόντιος,
439 820 507 863 καὶ
532 822 756 877 προστάτης
782 821 896 875 ὑμῶν
923 821 1043 871 αὐτὸς
1070 819 1091 863 ὁ
1116 820 1214 870 θεὸς
1234 816 1385 876 Ἑρμῆς
1411 819 1432 862 ὁ
1457 820 1567 870 Διός.

190 887 355 930 ἐπέθετο
382 888 432 942 δὴ
459 892 513 947 τῷ
536 888 675 943 ῥήτορι
701 887 911 942 μοχθηρὸν
935 887 1004 928 καὶ
1027 887 1297 942 κεντρότυπον
1316 886 1567 941 ἀνθρώπιον.

189 954 248 1004 τίς
278 949 355 996 οὖν
386 954 578 1009 ἕμφράξει
608 955 735 1012 τούτῳ
766 954 810 996 τὸ
843 953 994 1007 στόμα;
1028 955 1088 1004 τίς
1120 953 1284 1007 ἐκκόψει
1307 953 1351 995 τὸ
1376 953 1567 1008 κέντρον;

190 1020 254 1062 ἐπὶ
283 1022 396 1071 τίνας
426 1021 499 1076 χρὴ
532 1021 766 1075 συμμάχους
793 1021 1060 1075 καταφεύγειν
1086 1020 1192 1074 ὑμᾶς
1216 1019 1370 1073 ἀφέντα
1394 1020 1488 1070 τοὺς
1512 1020 1567 1061 εἰ-

188 1087 314 1137 κότως
340 1086 412 1141 μὲν
437 1086 488 1128 ἂν
514 1087 727 1146 ἑλομένους
746 1086 932 1140 ἀμύνειν,
957 1087 1131 1140 δύναμιν
1152 1085 1194 1128 δὲ
1213 1087 1373 1142 ἔχοντας
1392 1086 1468 1140 τὴν
1487 1086 1566 1128 ἀπὸ

188 1160 268 1195 τῶν
292 1157 498 1206 Μουσῶν,
524 1150 599 1208 ὑφ’
629 1149 687 1195 ὧν
719 1149 842 1210 οὗπέρ
868 1153 952 1195 ἐστε
977 1153 1160 1208 τέταχθε;
1188 1155 1226 1195 6.
1252 1153 1317 1194 καὶ
1344 1160 1466 1195 ταῦτα
1492 1153 1567 1195 οὐκ

187 1219 240 1262 ἂν
264 1219 505 1272 ἐπέστελλον,
529 1221 567 1261 εἰ
590 1220 646 1274 μὴ
671 1219 786 1261 τόνδε
807 1218 880 1274 μὲν
899 1217 1013 1277 ᾔδειν
1032 1219 1193 1275 ἀγαθὸν
1211 1215 1315 1261 εἶναι
1335 1223 1566 1273 μελετῶντα,

189 1286 258 1328 τὸν
290 1285 333 1328 δὲ
363 1291 553 1342 γενναῖον
574 1283 781 1328 Ἐλπίδιον
813 1286 863 1328 οὗ
888 1287 983 1336 τοὺς
1007 1285 1051 1327 ἔν
1076 1286 1221 1335 αἰτίαις
1246 1293 1440 1340 μισοῦντα
1463 1286 1565 1327 πάν-

262 1419 284 1451 9
309 1415 357 1451 cf.
379 1426 438 1461 ep.
461 1418 566 1451 1495.
603 1414 722 1452 Seeck
748 1419 817 1451 241
905 1417 951 1451 10
985 1414 1149 1461 Hesych.
1177 1426 1205 1451 s.
1238 1427 1272 1451 v.
1301 1415 1563 1460 κεντρότυπος.

189 1463 247 1501 Et.
268 1463 318 1499 M.
340 1475 369 1501 s.
389 1475 421 1499 v.
441 1462 720 1509 κεντρότυπτον
742 1466 748 1510 Ι
771 1463 818 1500 cf.
839 1465 867 1499 t.
888 1464 905 1499 Ι
925 1466 984 1509 99,
999 1467 1020 1499 6

309 1598 355 1631 γρ
380 1590 454 1621 τῶν
479 1583 599 1621 πολλὰ

265 1637 283 1668 1
310 1638 386 1670 τῶν
411 1632 458 1669 τὰ
494 1631 612 1669 πολλὰ
640 1632 669 1669 S
754 1636 775 1668 2
800 1632 997 1679 θαλάσσης
1023 1633 1070 1669 Vi
1156 1635 1177 1667 8
1203 1630 1391 1679 ἀπέχρησε
1423 1631 1533 1668 Wolf

1009 1695 1055 1727 γρ
1069 1677 1290 1723 ἐκπεσόντες

189 1732 213 1764 4
232 1728 502 1776 ἀσελγαίνοντα
517 1730 574 1766 Be
593 1729 660 1765 sed
680 1727 746 1776 γαί
764 1729 804 1765 in
823 1739 886 1765 ras
905 1728 963 1764 m’
984 1730 990 1775 Ι
1013 1727 1253 1770 ἐπιπεσόντες
1289 1728 1319 1766 S
1341 1727 1565 1775 ἐμπεσόντες

1126 1790 1172 1823 γε
1185 1790 1225 1813 τε

199 1825 300 1862 Vina
319 1826 326 1871 Ι
347 1831 549 1868 ποιοῦντες
575 1826 611 1862 V
693 1830 715 1862 5
741 1823 939 1871 ἐφομοίοις
964 1826 1022 1862 Va
1061 1827 1067 1871 Ι
1126 1824 1232 1872 ὃὴ(1)
1269 1825 1300 1863 S
1372 1829 1393 1862 6
1419 1824 1443 1871 ἡ
1471 1826 1528 1862 Va
1554 1827 1560 1874 Ι

189 1878 267 1914 τοῖς
292 1875 382 1909 ante
405 1873 592 1916 τοιούτοις
621 1872 723 1910 inser
749 1874 850 1910 Vina
875 1873 984 1910 Wolf
1023 1873 1149 1910 delevi
1247 1877 1267 1908 7
1294 1874 1454 1921 βοηθεῖν
1474 1875 1564 1910 ante

191 1921 478 1968 συνοργίζεσθαι
498 1922 553 2006 2Vi
585 1924 591 1968 Ι
627 1928 708 1964 τοῖς
733 1923 781 1959 Vi
805 1922 870 1958 sed
892 1936 916 1957 α
936 1932 1051 1968 supra
1077 1935 1097 1958 ο
1144 1923 1150 1969 Ι
1182 1921 1308 1966 τάξεσι
1326 1925 1414 1968 post
1433 1922 1565 1964 αὐτοῖς

387 1984 431 2017 γρ
445 1983 496 2006 κα
524 1975 596 2006 νῦν
609 1969 659 2016 δὴ

199 2018 246 2055 Vi
335 2021 357 2054 8
379 2019 444 2054 καὶ
458 2018 505 2065 δὴ
526 2024 598 2055 νῦν
622 2018 706 2055 SVi
726 2020 732 2065 Ι
753 2023 825 2055 νῦν
857 2029 918 2055 om
939 2019 980 2055 D
1000 2019 1007 2063 Ι
1035 2023 1107 2055 νῦν
1138 2018 1187 2064 δὴ
1219 2029 1281 2054 om
1299 2017 1410 2054 Wolf
1430 2019 1490 2054 An

190 2069 212 2101 9
243 2065 349 2112 ἡμῶν
376 2067 425 2104 Vi
481 2068 486 2112 Ι
542 2066 562 2103 ὁ
597 2066 627 2104 S
659 2067 726 2102 sed
755 2080 801 2113 γρ
842 2064 958 2108 αὐτὸς
991 2066 1085 2109 θεός
1122 2077 1315 2112 suprascr,
1350 2077 1410 2102 om
1439 2066 1495 2103 Va
1509 2067 1564 2103 Vo

191 2113 298 2150 Wolf
313 2114 361 2150 ed
445 2118 491 2150 10
523 2113 565 2152 δὲ
594 2114 826 2151 VaVoDBc
850 2114 960 2151 Wolf
1031 2119 1072 2150 11
1101 2113 1158 2156 τίς
1177 2136 1221 2141 -
1237 2113 1377 2160 στόμας
1404 2125 1465 2150 om
1490 2115 1531 2151 D
1553 2116 1559 2163 Ι

187 2160 441 2208 κεντρότυπον
467 2163 694 2208 ἀνθρώπιον
714 2174 823 2199 suum
844 2162 937 2199 fecit
956 2162 1160 2210 Gregorius
1185 2173 1243 2209 ep.
1264 2162 1305 2198 in
1324 2162 1474 2199 Bessar.
1499 2164 1560 2199 ed.

193 2209 410 2247 Boissonad.
437 2211 579 2247 Anecd.
606 2210 640 2246 V
660 2214 780 2254 456‚5
805 2211 847 2247 τὸ
873 2210 1130 2256 κεντρότυπον
1160 2211 1389 2258 ἀνθρῴπιον
1418 2209 1507 2247 τόδε
1540 2211 1561 2248 ὁ

191 2258 455 2305 βεκκεσέληνος
490 2260 556 2295 καὶ
591 2258 850 2305 ἀκριτόμυθος
884 2259 1066 2305 σοφιστὴς
1158 2263 1203 2295 12
1229 2258 1445 2306 ξυμμάχους
1474 2259 1520 2296 Vs·
1553 2259 1559 2308 Ι

191 2312 427 2354 καταφυγεῖν
452 2307 482 2344 S
505 2306 572 2342 sed
620 2321 642 2353 ρ
675 2307 930 2354 καταφεύγειν
956 2318 1147 2354 suprascr,
1180 2307 1338 2344 ViDBe
1374 2307 1482 2343 Wolf
1502 2309 1562 2343 An

241 2358 285 2390 18
311 2353 360 2392 ἂν
386 2366 447 2391 om
475 2355 521 2391 Vi
542 2357 547 2401 Ι
570 2321 618 2392 δέ
638 2366 700 2391 om
726 2356 783 2392 Be
812 2357 818 2402 Ι
846 2354 923 2393 ἀπὸ
950 2355 1083 2402 scripsi
1109 2366 1130 2392 e
1163 2356 1199 2393 V
1218 2354 1285 2392 διὰ
1308 2355 1447 2401 reliqui
1472 2355 1563 2391 libri

194 2401 302 2438 Wolf
372 2406 417 2439 15
442 2403 506 2439 καὶ
533 2405 741 2448 μελετῶντα
759 2410 885 2441 ποιεῖν
908 2403 951 2441 τὸ
987 2403 1142 2450 ἀγαθὸν
1167 2404 1215 2441 Vi
1295 2408 1340 2441 16
1364 2409 1448 2446 ταῖς
1473 2407 1563 2440 ante

191 2449 331 2493 αἰτίαις
357 2452 413 2488 Be
437 2450 547 2487 Wolf
580 2451 704 2488 delevi

1606 566 1628 594 ὀ

1588 900 1628 927 10

1587 1231 1623 1258 15
