1806 2964
676 195 946 234 EPISTULAE
973 200 1115 232 41—44
1241 196 1244 199 ’
1530 195 1586 236 41

207 313 287 355 ὑπὸ
312 318 384 366 τῆς
408 311 592 365 νεότητος
618 310 800 365 ἐξηπατῶ
835 310 903 352 καὶ
927 311 1080 352 κύκνον
1111 307 1215 364 ἡγοῦ
1242 309 1312 350 τὸν
1337 308 1520 362 κολοιόν,
1545 307 1589 348 τὸ

205 385 332 435 γῆρας
357 378 400 420 δέ
425 390 468 419 σε
498 377 706 419 ἐπαίδευσε
739 378 810 420 τὸν
841 377 1004 419 κολοιὸν
1035 376 1133 431 ὅπερ
1165 375 1271 417 ἐστὶν
1305 373 1496 430 ἡγεῖσθαι
1520 390 1589 415 κο-

205 445 332 498 λοιόν,
356 440 440 486 ἀλλ’
463 442 580 498 ἡμεῖς
604 460 647 499 γε
674 443 716 486 σὲ
742 444 809 485 καὶ
834 444 918 485 τότε
944 443 1012 485 καὶ
1042 449 1116 484 νῦν
1143 443 1295 484 κύκνον

856 563 932 620 μγ’.
1539 570 1587 605 W
1615 574 1659 606 41

662 652 893 709 Λεοντίῳ.
928 649 1124 703 (358l359)
1627 663 1642 689 ⁵

269 741 304 777 1.
321 734 408 778 Ὅτι
434 735 507 790 μὲν
533 737 574 779 τὸ
600 744 678 778 νῦν
703 738 919 778 ε’πιστεῖλαι
944 737 1189 791 κατηγορίαν
1209 736 1284 790 ἔχει
1310 742 1381 777 τοῦ
1408 736 1463 790 μὴ
1491 736 1586 788 πρό-

203 819 317 859 τερον
348 802 579 855 ἐπιστεῖλαι,
610 804 647 846 εἰ
676 803 750 858 γὰρ
785 809 862 845 νῦν
899 802 946 843 τὰ
985 804 1120 844 δίκαια
1153 809 1256 844 ποιῶ
1282 803 1471 858 γράφων,
1503 804 1587 845 τότε

203 869 375 924 ἠδίκουν
400 871 449 912 ού
474 871 656 925 γράφων,
683 865 728 912 εὖ
755 866 862 911 οἶδα·
890 870 1052 912 κάλλιον
1078 868 1120 911 δὲ
1141 867 1395 924 ἡγησάμενος
1414 877 1486 912 τοῦ
1514 887 1586 923 μη-

203 936 340 978 δέποτε
372 936 415 978 τὸ
441 936 621 991 βραδέως
652 937 937 992 προσαγορεύω
969 935 1252 990 συμφοιτητὴν
1277 935 1587 990 ἐπιλελησμένον

202 1003 372 1058 ἑταίρου.
411 1002 438 1058 ἢ
462 1010 579 1046 τοῦτο
605 1002 679 1057 μὲν
705 1003 779 1046 οὐκ
807 1002 944 1059 ὀρθῶς
971 1002 1259 1057 ὑπολαμβάνω,
1284 1003 1335 1044 σὺ
1355 1001 1399 1044 δὲ
1419 1004 1586 1057 μάλιστα
1608 1016 1641 1041 10

202 1069 465 1124 μεμνημένος,
484 1070 622 1124 ἐπειδὴ
642 1068 738 1125 παρ’
763 1069 908 1120 ἄλλους
929 1071 972 1111 οἵ
993 1068 1057 1111 σοὶ
1083 1067 1278 1124 φέρονται
1303 1070 1468 1119 νεοττοί,
1494 1085 1584 1110 κατ-

201 1140 350 1188 οκνεῖς;
385 1141 423 1178 2.
449 1133 551 1189 ἀλλ’,
576 1133 607 1179 ὦ
639 1137 862 1191 θαυμάσιε,
896 1136 951 1190 μὴ
990 1143 1106 1177 τοῦτο
1139 1143 1261 1178 ποιοῦ
1295 1138 1460 1190 κώλυμα
1487 1133 1582 1191 μηδ’

201 1203 328 1253 οὕτως
354 1204 444 1245 οἴου
468 1203 573 1257 τάμὰ
599 1204 720 1259 μικρὰ
754 1202 856 1258 μηδὲ
888 1203 990 1257 ἐμὴν
1022 1202 1097 1256 τὴν
1130 1202 1275 1259 ἑτέρων
1309 1204 1466 1258 ζημίαν.
1506 1203 1587 1244 ἔστι

200 1269 276 1324 γὰρ
301 1269 368 1311 καὶ
393 1270 571 1321 ἐκείνους
595 1271 758 1324 ἑτέρωσε
779 1270 974 1312 πέτεσθαι
993 1268 1060 1310 καὶ
1080 1267 1186 1323 ἡμᾶς
1205 1269 1388 1323 ἀλλήλων
1409 1270 1585 1325 ἔχεσθαι,

200 1335 284 1377 ἐπεὶ
314 1337 381 1378 καὶ
413 1336 483 1379 τὸν
514 1338 637 1380 καλὸν
673 1339 893 1393 Φιλάγριον
931 1335 1111 1392 ἡγοῦμαί
1140 1352 1179 1378 τε
1217 1337 1284 1379 καὶ
1324 1338 1446 1389 φίλον
1476 1340 1584 1378 καλῶ
1606 1348 1639 1375 1⁶

201 1402 518 1456 βεβουλευμένον
544 1404 633 1459 περὶ
658 1411 738 1446 τῶν
763 1403 886 1445 υἱέων
911 1403 937 1444 ἃ
963 1404 1113 1457 μήποτε
1142 1403 1355 1457 μέμψαιτο.

847 1522 918 1580 μδ’
1510 1534 1557 1569 W
1586 1539 1631 1570 42

669 1607 879 1670 Ἀκακίφ.
914 1609 1110 1666 (358]359)

262 1699 297 1736 1.
314 1695 402 1739 Ὅτι
426 1712 467 1738 τε
491 1696 704 1752 ὑγιαίνεις,
736 1698 859 1752 χαίρω
893 1696 961 1738 καὶ
986 1697 1046 1738 ὅτι
1080 1708 1145 1738 σοι
1175 1703 1249 1738 τοῦ
1282 1700 1423 1738 πονεῖν
1461 1696 1583 1738 πλέον

198 1763 268 1821 ἐρᾷ
301 1763 487 1813 Τιτιανὸς
520 1762 547 1817 ἢ
578 1765 785 1821 ῥᾳθυμίας
816 1763 938 1806 ἄλλοι.
980 1768 1177 1816 σοφιστοῦ
1215 1761 1258 1804 δὲ
1290 1763 1328 1804 εἰ
1357 1761 1431 1816 μὲν
1464 1759 1583 1813 οὗτος
1603 1785 1637 1812 20

200 1829 346 1884 μετέχει
370 1831 572 1884 βελτίονος
596 1829 623 1884 ἢ
650 1831 700 1872 σὺ
726 1831 940 1886 πρότερον,
966 1830 1041 1873 ούκ
1067 1826 1175 1871 οἶδα·
1211 1829 1336 1885 λέγων
1363 1829 1406 1871 δὲ
1437 1836 1580 1884 χρῆναι

273 1963 294 1995 4
327 1959 396 1998 Vn
419 1958 467 2007 β’,
491 1958 559 2001 λς’.
595 1961 647 1997 Vo
672 1959 722 2005 α’,
748 1963 813 1997 κθ.
839 1972 886 2007 pr
954 1964 997 1996 17
1027 1960 1096 2000 VII
1119 1959 1168 2005 α’,
1194 1958 1265 1999 ις’.
1296 1959 1349 1996 Vo
1368 1958 1418 2004 α’,
1444 1962 1474 1996 λ.
1495 1960 1524 1997 S
1543 1973 1578 2002 α,

198 2007 274 2054 κη’.
310 2007 355 2044 Vi
380 2006 470 2048 σλς’.
496 2020 542 2054 pr
593 2021 629 2055 p.
651 2012 708 2053 43,
724 2011 744 2044 3
764 2006 865 2055 Ἐγὼ
887 2031 932 2037 -
955 2013 998 2045 17
1025 2006 1207 2056 δέχεσθαι
1236 2008 1271 2044 G
1297 2007 1362 2044 fol.
1382 2010 1428 2043 86

274 2133 293 2165 1
320 2130 457 2176 Aeeop.
487 2129 564 2166 fab.
602 2133 672 2167 206
708 2130 766 2166 ed.
802 2129 927 2166 Halm.
955 2128 1066 2176 Greg.
1106 2128 1200 2165 ΝΜ.
1238 2140 1297 2175 ep.
1329 2133 1347 2164 1
1385 2141 1421 2176 p.
1455 2132 1525 2165 ’168
1538 2129 1579 2165 Β.

199 2177 369 2224 Aposssol.
379 2189 483 2225 prov.
493 2177 580 2213 XVI
591 2182 638 2214 84
682 2178 832 2215 5800οὶ
849 2182 928 2215 195.
944 2182 996 2215 12.
1012 2181 1094 2214 354.
1109 2177 1282 2214 Silomon
1296 2181 1342 2214 24
1396 2181 1441 2213 15
1461 2177 1581 2214 Seeck

200 2230 282 2262 237.
309 2225 356 2263 cf.
377 2237 434 2273 ep.
456 2230 503 2263 89
568 2230 613 2264 18
639 2227 785 2263 Sievers
799 2230 880 2263 224.
908 2226 1026 2264 Seeck
1052 2230 1110 2263 48.
1140 2229 1196 2263 12.
1226 2229 1307 2262 365.
1337 2225 1508 2262 Silomon
1534 2230 1580 2261 24

249 2277 296 2311 20
322 2274 441 2311 Seeck
467 2278 513 2311 48
539 2275 586 2311 ef.
608 2287 666 2322 ep.
689 2280 733 2311 26

272 2399 294 2432 9
320 2395 501 2444 βραδέως.
527 2397 796 2443 προσαγορεύω
823 2395 932 2433 Wolf
949 2399 955 2443 Ι
985 2396 1256 2443 προσαγορεύω
1291 2397 1346 2434 Vo
1385 2396 1448 2432 sed
1478 2410 1507 2431 ω
1534 2407 1580 2432 ex

201 2457 258 2480 ειν
282 2455 365 2481 corr
389 2444 447 2481 m⁸
517 2449 559 2481 11
587 2446 702 2492 σοφοὶ
734 2445 833 2482 VVo
858 2444 925 2481 0οᾱ
956 2444 998 2480 in
1021 2444 1154 2482 hocin
1179 2445 1238 2482 σοὶ
1267 2444 1305 2481 in
1331 2455 1393 2481 ras
1416 2455 1498 2481 corr
1523 2445 1581 2479 m³

251 2496 294 2528 13
322 2492 371 2539 μὴ
398 2493 439 2530 δὲ
473 2494 526 2530 Vo
601 2497 646 2530 15
672 2496 773 2530 καλῶ
800 2491 914 2540 φίλον
938 2492 1024 2530 coni
1051 2493 1105 2530 Re
1182 2497 1226 2530 19
1256 2494 1291 2529 ιὲ
1328 2493 1360 2529 V
