1806 2964
650 233 924 271 EPISTULAE
949 234 1095 269 86—88
1511 228 1567 272 87

834 369 915 422 κζ’.
1519 373 1569 409 W
1596 376 1644 408 85

669 457 933 510 Δομνίωνι.
966 465 1075 510 (359]

248 548 285 587 1.
311 542 516 598 Σιλβανὸς
541 541 564 584 ὁ
596 542 784 596 μαθητής
816 553 891 583 σου
922 544 1006 590 τοῖς
1037 539 1278 595 συνηγόροις
1308 537 1570 594 ἐγγέγραπται

189 613 293 666 μάλα
317 609 474 666 ἡμέρως
509 609 634 652 αὐτὸν
659 606 909 663 προσεμένου
938 606 1168 648 Μοδέστου.
1193 604 1268 659 τὴν
1296 603 1368 659 μὲν
1390 599 1470 646 οὖν
1488 610 1568 645 τῶν

190 677 328 732 νόμων
352 676 588 730 ἐπιστήμην,
615 676 710 716 ὅταν
735 673 996 730 ἀγωνίζηται,
1021 674 1162 723 δείξει,
1186 672 1261 724 τὴν
1293 671 1336 713 δὲ
1366 678 1447 713 τῶν
1479 670 1567 725 τρό-
1606 677 1622 703 5

185 760 276 786 πων
300 742 447 798 ἀρετὴν
471 743 596 784 πάλαι
621 742 845 795 δεδήλωκεν
871 738 982 794 ἡμῖν.
1024 740 1098 780 καί
1125 755 1194 793 μοι
1226 740 1342 780 δοκεῖ
1368 738 1437 780 καὶ
1467 737 1568 779 κατὰ

185 816 303 852 τοῦτο
329 809 518 864 μαθητής
543 820 618 850 σου
642 807 850 863 γεγονέναι
873 813 955 848 τῶν
973 813 1058 848 σῶν
1082 806 1158 848 οὐκ
1177 804 1312 860 ὀλίγον
1332 803 1566 858 μεταλαβὼν

185 877 358 933 τρόπων,
384 872 438 918 δι’
468 874 541 925 οὓς
572 875 718 932 ἐπαινῇ
750 874 873 916 πλέον
904 872 930 927 ἢ
962 873 1057 922 τοὺς
1087 873 1253 926 νόμους.
1298 874 1337 914 2.
1364 875 1496 924 φιλῶν
1522 869 1566 912 δὲ

185 943 242 996 σέ,
267 943 399 997 ὥσπερ
424 942 532 991 ε’ἰκὸς
559 943 814 994 διδάσκαλον,
839 940 906 994 ἐμὲ
931 943 1063 993 φιλεῖ,
1090 939 1191 981 διότι
1216 951 1280 980 σοι
1303 939 1430 995 ταύτῃ
1455 954 1564 993 χαρι-

187 1010 351 1063 ζόμενος
377 1005 497 1051 οἶδεν.
1585 1021 1622 1046 ιο

832 1089 914 1145 κη’.
1517 1096 1568 1132 W
1593 1100 1640 1132 86

688 1177 915 1234 Λεοντίῳ.
948 1186 1056 1230 (359)

251 1267 288 1305 1.
305 1261 485 1317 ’Έλαβόν
511 1275 585 1304 σου
612 1262 680 1303 καὶ
698 1261 774 1315 τὴν
792 1260 990 1316 προτέραν
1009 1259 1235 1313 ἐπιστολήν,
1261 1259 1352 1301 οὐδ’
1379 1258 1432 1300 ἂν
1457 1260 1564 1301 εἰκά-

186 1343 296 1385 σαις,
327 1330 436 1380 ὅπως
468 1328 608 1383 ἡδέως.
653 1324 706 1383 ἦν
737 1327 780 1370 δὲ
812 1328 977 1381 ἥδιστον
1011 1327 1156 1381 αὐτῆς,
1192 1326 1251 1367 ὅτι
1282 1325 1479 1379 ἀκούσας,
1510 1324 1566 1375 ὡς

184 1397 387 1453 γράψοιμί
417 1408 501 1449 σοι,
531 1396 580 1437 τὰ
609 1395 820 1452 γράμματα
854 1393 897 1435 δὲ
930 1394 1031 1448 ἔχων
1062 1391 1178 1434 οὔπω
1207 1399 1324 1435 τοῦτο
1355 1392 1562 1446 ἐποίησας,
1583 1407 1619 1434 15

185 1465 282 1520 ὅπερ
308 1459 360 1518 ἧν
385 1463 491 1512 εἰκὸς
515 1462 585 1504 τὸν
610 1462 760 1517 ἔχοντα.
789 1464 828 1502 2.
854 1459 876 1502 ὅ
903 1460 1038 1514 μέντοι
1063 1460 1161 1510 δοὺς
1185 1458 1273 1513 ἐμοὶ
1291 1458 1339 1500 τὰ
1357 1459 1467 1515 παρὰ
1486 1466 1561 1501 σοῦ

186 1531 284 1581 δοὺς
307 1525 371 1572 ἐπ’
400 1529 550 1584 ἀγορᾶς
574 1528 642 1570 καὶ
668 1529 804 1582 φήσας
827 1528 972 1569 αὐτίκα
990 1527 1101 1581 ἥξειν
1120 1527 1177 1576 εἰς
1195 1525 1240 1567 τὸ
1260 1526 1563 1580 βουλευτήριον,

189 1592 238 1639 οὗ
264 1595 567 1652 διατρίβω-τὸ
586 1595 662 1650 γὰρ
687 1602 758 1649 τῆς
787 1596 924 1648 Τύχης
943 1594 1066 1647 ἱερόν,
1092 1589 1124 1634 ὦ
1142 1592 1235 1634 καλὲ
1260 1592 1442 1646 Λεόντιε,
1468 1592 1564 1646 μετὰ

260 1755 278 1786 1
314 1750 384 1789 Vn
406 1749 456 1795 α’,
482 1748 541 1795 ξη’
566 1748 647 1795 (fol.
669 1750 730 1793 25)
756 1749 795 1783 et
821 1762 838 1787 1
863 1747 904 1792 ε’,
931 1746 1015 1793 ρμγ’
1041 1746 1120 1793 (fol.
1142 1747 1239 1792 369).
1267 1746 1320 1783 Vo
1346 1743 1395 1790 α’,
1421 1744 1492 1782 οδ’.
1507 1745 1564 1781 Be

187 1796 295 1846 [πβῖ]
322 1809 368 1844 pr
443 1801 486 1833 11
520 1797 590 1836 Vn
613 1796 664 1842 α’,
689 1795 763 1840 ξδ’.
791 1797 842 1834 Vo
868 1796 920 1842 α’,
946 1796 1004 1831 ῐῖἒ.
1030 1796 1060 1832 S
1082 1794 1125 1840 ε’,
1150 1794 1220 1842 κβ’.
1249 1795 1305 1831 Be
1331 1793 1438 1842 [πγ’].
1463 1805 1510 1840 pr

259 1946 281 1978 2
307 1941 454 1978 Sievers
481 1945 563 1986 260,
579 1944 611 1977 1.
639 1940 759 1977 Seeck
786 1944 867 1977 123.
894 1943 976 1977 359.
1003 1939 1173 1976 Silomon
1198 1943 1245 1975 30
1305 1943 1326 1975 3
1354 1938 1502 1975 Sievera
1517 1942 1563 1974 70

185 1993 262 2027 not.
284 1993 330 2026 44
418 1995 441 2027 4
467 1989 587 2026 Seeck
613 1993 684 2025 214
773 1993 815 2025 12
849 1988 896 2025 cf.
918 1999 976 2035 ep.
998 1992 1058 2025 43.
1093 1986 1211 2024 Seeck
1239 1991 1320 2023 195.
1348 1990 1430 2024 359.
1466 1987 1562 2023 Silo-

185 2049 274 2074 mon
301 2041 348 2075 80
424 2042 468 2075 1⁷
495 2038 542 2074 cf.
562 2038 591 2074 t.
610 2037 628 2074 1
647 2041 729 2080 318,
746 2041 812 2083 18;
836 2037 888 2073 III
915 2040 997 2081 347,
1013 2041 1076 2082 163
1102 2040 1185 2080 38⁶,
1207 2039 1270 2080 183
1295 2035 1348 2071 IV
1374 2039 1492 2082 102,8

189 2090 233 2123 18
259 2086 306 2123 cf.
328 2098 387 2133 ep.
408 2091 490 2123 245.
513 2090 618 2122 1406.
639 2087 667 2124 t.
688 2086 739 2122 111
761 2089 842 2130 116,
858 2091 889 2121 1.
916 2085 1087 2129 Mueller,
1112 2084 1241 2130 Antiq.
1268 2083 1446 2121 Antioch.
1466 2088 1513 2120 40

260 2234 282 2266 2
301 2228 496 2277 Δομνίωυι
515 2241 588 2275 om,
600 2230 677 2266 nisi
689 2229 846 2267 cultello
858 2229 986 2276 periit,
1000 2229 1058 2266 Be
1137 2233 1160 2264 4
1178 2229 1413 2275 προσεμένου
1426 2230 1562 2277 scripsi

186 2290 208 2314 c
234 2279 304 2319 Vn
335 2280 375 2315 ot
400 2289 419 2315 Ι
447 2278 696 2325 προσιεμένου
731 2279 789 2315 Be
831 2277 1042 2324 προεμένου
1074 2277 1129 2314 Vo
1166 2277 1242 2314 edd
1289 2277 1561 2325 ,προσιεμένου

186 2331 255 2364 aut
285 2326 540 2374 προσεμένου“
588 2327 642 2362 Re
747 2330 768 2362 5
801 2325 1024 2372 ἀγωνίζεται
1060 2326 1119 2363 Be
1204 2330 1225 2362 6
1257 2326 1324 2362 καὶ
1360 2326 1464 2363 inser
1496 2327 1563 2367 V1³

188 2385 250 2411 om
276 2375 342 2415 1⁷11
359 2375 410 2412 Vo
424 2376 482 2412 Be
501 2375 576 2411 edd
693 2378 714 2409 9
740 2375 858 2421 ταύτῃ
891 2375 949 2411 Be
980 2374 1048 2410 sed
1086 2388 1108 2420 η
1141 2385 1225 2410 corr
1257 2374 1316 2410 ιιι*
1427 2378 1473 2411 10
1504 2372 1560 2412 οἷ-

188 2424 255 2460 δεν
282 2424 332 2463 V1
349 2423 417 2460 sed
442 2436 466 2459 ν
490 2423 566 2459 add
593 2423 650 2458 m⁸
735 2426 780 2458 12
805 2421 971 2472 Λεοντίῳ
996 2433 1059 2458 om
1085 2423 1143 2459 Be
1214 2426 1259 2459 14
1285 2421 1387 2465 ὅπως
1411 2423 1469 2459 Be
1494 2423 1561 2459 sed

186 2471 337 2556 xoeeBin
367 2482 429 2507 ras
460 2470 518 2506 m'
618 2475 661 2507 15
693 2469 880 2518 γράφοιμί
914 2470 944 2507 S
986 2471 995 2517 Ι
1038 2470 1242 2518 πράγματα
1271 2482 1319 2517 pr
1419 2475 1462 2507 16
1488 2470 1560 2518 γάρ

186 2532 245 2556 τοι
308 2530 328 2556 G
