1806 2964
589 231 861 269 EPISTULAE
887 235 1077 269 ort-⁶1⁹
1430 231 1519 276 569

146 345 191 390 6}
214 346 346 389 έκεῖνο
377 344 450 399 μὲν
475 343 531 395 ὡς
555 343 843 398 ἀμελούμενος,
867 351 987 386 τοῦτο
1012 343 1056 387 δὲ
1082 343 1136 394 ὡς
1161 343 1344 398 ἀνεψιός,
1369 347 1520 398 μᾶλλον

143 412 207 467 δέ,
231 413 268 455 εἰ
297 413 449 467 βούλει,
479 410 610 464 πατὴρ
641 410 709 452 καὶ
739 410 872 466 πατὴρ
903 410 1023 464 ἤπιος
1058 409 1174 460 εἰδὼς
1205 410 1380 466 ἐνεγκεῖν
1410 410 1521 460 υἱέος

142 478 402 535 σκιρτήματα·
429 477 552 520 καλὸν
570 476 646 533 γὰρ
671 477 799 527 οὕτως
818 477 956 518 εἰπεῖν.
998 480 1035 518 2.
1055 476 1210 518 ἐννοῶν
1228 477 1304 533 γὰρ
1323 483 1403 518 τῶν
1420 492 1520 532 προ-

142 545 276 601 γόνων
307 550 388 586 τῶν
418 541 618 597 ἡμετέρων
649 542 723 595 τὴν
753 543 887 594 τάξιν,
918 537 968 596 ἧς
999 539 1117 592 οὗτος
1154 543 1358 598 διάδοχος,
1389 543 1521 584 πάντα

142 611 292 666 τρόπον
323 606 436 664 οἶμαι
466 610 552 651 δεῖν
576 610 749 663 βοηθεῖν
779 613 833 665 τῷ
865 615 936 663 τῆς
967 609 1096 658 οἰκίας
1121 609 1290 663 σχήματι
1318 608 1386 650 καὶ
1422 609 1521 663 βου·
1559 622 1577 649 s

144 678 290 731 λοίμην
324 675 377 717 ἂν
407 675 621 729 ἐκλάμπειν
645 674 690 716 ἒν
720 681 768 732 τῇ
800 674 912 716 πόλει
937 675 1007 717 τὸν
1031 681 1103 716 τοῦ
1127 676 1246 717 θείου
1284 690 1352 729 μοι
1384 676 1521 716 παῖδα.

146 746 185 785 8.
211 749 289 784 νῦν
321 742 366 784 δέ
396 757 465 796 μοι
495 740 563 783 καὶ
594 742 766 794 δύναμις
797 736 843 783 εὖ
883 748 1056 783 ποιοῦσα
1085 742 1274 796 πάρεστιν
1309 741 1358 783 οὐ
1390 741 1521 796 μικρά.

144 809 220 862 τὴν
259 808 335 864 γὰρ
373 808 452 861 σὴν
488 807 616 863 ἀρχὴν
650 807 824 861 ἐμαυτοῦ
860 807 1035 860 δύναμιν
1066 805 1290 862 ἡγούμενος
1320 808 1416 856 ἴσως
1447 806 1523 848 οὐκ

146 873 285 917 ἀδικῶ,
327 875 392 915 δεῖ
421 872 465 914 δέ
506 885 548 914 σε
587 874 819 927 προσδοκᾶν
851 873 979 923 αἰτίας
1010 889 1050 914 τε
1087 873 1149 915 ἀεὶ
1185 870 1266 915 κατ’
1299 873 1424 914 αὐτοῦ
1454 873 1522 913 καὶ

146 941 414 995 παρακλήσεις
442 938 540 993 ὑπὲρ
565 939 702 980 αὐτοῦ.
1542 954 1580 980 ιο

785 1033 880 1089 χιθ’.
1448 1042 1496 1077 W
1523 1045 1595 1079 584

624 1120 899 1177 Δημητρίῳ.
935 1130 1043 1174 (361)

211 1207 248 1245 1.
278 1204 363 1258 Οὐχ
401 1199 520 1257 ἦττον
553 1203 668 1257 ὑμῶν
707 1210 779 1258 τῆς
813 1203 1002 1260 ὑμετέρας
1036 1203 1292 1258 ἀπολαύομεν
1327 1204 1395 1246 διὰ
1429 1204 1523 1254 τοὺς

147 1269 331 1319 πυκνοὺς
365 1268 551 1311 τουτουσὶ
585 1269 810 1319 διακόνους.
852 1271 924 1311 καί
955 1287 1024 1323 μοι
1056 1271 1188 1320 δοκεῖς
1223 1269 1425 1325 ἄχθεσθαι
1454 1270 1523 1311 καὶ

149 1336 251 1390 πρὸς
281 1335 330 1376 τὰ
361 1333 507 1390 δένδρα
532 1342 655 1377 ταῦτα
678 1335 727 1377 τὰ
757 1335 1094 1391 ἀγλαόκαρπα,
1126 1336 1187 1378 ὅτι
1221 1349 1285 1378 σοι
1310 1337 1364 1390 μὴ
1390 1336 1523 1378 ἐθέλοι
1544 1350 1579 1376 1⁶

151 1403 271 1456 δεῦρο
295 1400 541 1455 κομισθέντα
565 1401 824 1456 βριθομένων
856 1409 937 1443 τῶν
968 1403 1127 1444 κλάδων
1151 1402 1450 1457 έναρμοσθέντα
1474 1411 1523 1461 τῇ

151 1475 202 1525 γῇ
227 1467 374 1510 ταύτὸν
398 1471 539 1510 ποιεῖν.
573 1471 613 1509 2.
638 1465 723 1510 ἀλλ’
745 1468 879 1510 ε’κεῖνα
899 1467 972 1523 μὲν
989 1468 1146 1511 τικτέτω
1166 1467 1262 1522 παρ’
1285 1469 1396 1523 ὑμῖν,
1420 1470 1523 1510 πάν-

150 1550 227 1584 τως
258 1532 326 1574 nal
356 1531 473 1587 ἡμῶν
497 1533 519 1575 ὁ
545 1533 675 1584 τόκος·
702 1535 792 1590 περὶ
821 1533 864 1576 δὲ
889 1539 976 1576 τοῖν
995 1535 1130 1590 λόγοιν
1151 1542 1227 1576 νῦν
1252 1531 1443 1593 ᾐσθόμην
1469 1534 1525 1585 ὣς

152 1598 273 1642 οὐδὲν
298 1599 477 1654 ἔγραφον
502 1599 639 1653 σαφές.
666 1601 910 1656 διορθοῦμαι
936 1602 1009 1654 δή·
1034 1608 1166 1655 κτῆμα
1190 1600 1264 1654 μὲν
1289 1602 1387 1642 ἔστω
1413 1603 1523 1642 Παλ-

151 1666 306 1717 λαδίου,
330 1666 382 1707 σὺ
413 1664 458 1708 δὲ
482 1664 510 1719 ἢ
536 1665 634 1716 δοὺς
664 1665 849 1724 ἕκγράψῃ
880 1667 1015 1722 λαβὼν
1039 1666 1066 1721 ἢ
1092 1668 1252 1721 δώσεις,
1277 1667 1438 1709 ἐπειδὰν
1463 1667 1522 1709 ἐκ·
1544 1680 1583 1706 το

152 1732 304 1787 γράψῃ·

228 1887 270 1919 11
306 1884 372 1920 V11
394 1883 443 1931 β’,
466 1883 529 1925 ις’.
564 1885 621 1921 Va
645 1884 686 1930 ζ’,
712 1884 753 1921 ε’.
786 1885 839 1921 Vo
864 1885 935 1932 (ζ’),
961 1885 1001 1922 ε’.
1028 1887 1099 1923 Mo

230 2031 274 2062 12
301 2027 419 2064 Seeck
446 2031 528 2064 117.
549 2031 619 2065 388
689 2032 734 2065 15
760 2028 829 2066 od.
849 2043 874 2076 η
901 2033 981 2066 115.
1008 2032 1028 2066 λ
1052 2033 1122 2067 589
1211 2034 1255 2067 18
1282 2030 1400 2077 efiep.
1421 2034 1490 2067 615

226 2175 247 2207 8
272 2170 377 2213 υἱέος
401 2171 535 2218 scripsi
561 2183 582 2208 ο
603 2173 721 2210 VaVo
741 2173 811 2210 Μο
871 2173 981 2216 υἱέως
1007 2173 1170 2210 VDAth
1195 2173 1304 2210 Wolf
1359 2171 1474 2211 υἱέων
1497 2173 1530 2211 S

164 2219 213 2255 Vi
278 2223 301 2255 8
326 2225 402 2256 τῶν
427 2230 490 2256 om
516 2221 564 2256 Vi
629 2225 652 2257 4
677 2220 747 2267 τὴν
769 2220 878 2264 τάξιν
910 2233 971 2258 om
998 2222 1044 2258 Vs·
1111 2225 1132 2257 6
1159 2221 1360 2268 ἐλλάμπειν
1385 2221 1415 2258 S
1432 2224 1439 2268 Ι
1460 2234 1525 2268 μοι

157 2277 219 2302 om
244 2267 286 2303 D
335 2270 356 2303 ’1
380 2268 447 2304 καὶ
471 2279 533 2304 om
557 2268 722 2306 SViAth
742 2271 750 2316 Ι
770 2275 933 2306 ποιοῦσα
962 2270 1016 2306 Va
1040 2269 1107 2305 sed
1126 2282 1176 2306 πο
1197 2269 1308 2316 suppl
1334 2268 1392 2305 ω’
1439 2272 1462 2306 8
1481 2268 1527 2306 δὲ

167 2314 212 2350 Vi
244 2316 251 2359 Ι
279 2314 445 2362 δύναμιν
468 2315 676 2363 ἡγούμενος
699 2316 862 2363 ἐμαυτοῦ
889 2318 958 2354 Mo
1040 2321 1061 2353 9
1088 2328 1128 2353 σε
1153 2328 1214 2353 om
1240 2318 1269 2354 S
1282 2318 1405 2355 ViAth

159 2364 205 2398 15
230 2362 354 2399 ἐθέλει
380 2364 449 2400 Mo
523 2367 568 2400 18
592 2370 660 2401 τοῦ
686 2366 775 2401 ante
799 2370 882 2402 τοῖν
907 2366 966 2411 Vl
987 2363 1203 2413 ᾐσθημένος
1227 2367 1297 2403 Mo
