1806 2964
619 233 887 271 EPISTULAE
913 238 1104 272 σεε-555
1453 235 1542 279 519

172 352 272 389 σθαι
297 346 340 389 δὲ
364 347 600 405 βουλομένῳ
626 348 822 400 θαυμάζω
847 354 934 397 πῶς
956 362 1050 389 ποτε
1076 347 1254 402 ἐπῆλθεν
1278 347 1304 389 ἃ
1329 348 1430 403 πρὸς
1447 348 1543 398 τοὺς

172 413 366 465 σοφιστὰς
395 420 572 467 ποιῆσαι.
614 412 706 454 νέον
737 414 813 468 γὰρ
847 412 946 468 ἡμῖν
979 413 1199 468 ἐγχειρίζων
1232 415 1353 456 οἴεται
1384 414 1428 456 τὸ
1460 422 1542 457 πᾶν

171 481 380 521 λελύσθαι·
406 486 598 521 τοσοῦτον
622 475 726 521 εἶναι
750 480 900 532 νομίζει
925 476 1022 533 παρ’
1045 479 1134 533 ἐμοὶ
1158 481 1361 534 μαθητήν.
1400 483 1438 522 3.
1464 480 1542 535 ἐγὼ

172 545 215 587 δὲ
240 546 311 587 τὸν
336 545 408 599 μὲν
440 544 533 587 νέον
568 545 643 587 οὐκ
675 545 812 599 ἀηδῶς
845 542 970 600 εἶδον,
1003 545 1051 587 τὰ
1086 545 1130 588 δὲ
1163 545 1387 601 ἐγκλήματα
1421 546 1543 600 μένει,

172 610 305 667 μέχρις
335 611 387 653 ἄν
418 628 486 666 μοι
517 612 725 667 παραδοὺς
755 611 880 654 αὑτὸν
911 611 1062 662 ἐκεῖνος
1093 612 1116 653 ὅ
1153 628 1190 653 τι
1220 613 1418 667 βούλομαι
1447 620 1541 667 χρῆ-

175 683 277 719 σθαι
300 679 428 736 τούτῳ
454 694 501 732 με
526 678 633 735 αὐτῷ
661 679 779 735 πείσῃ
811 677 865 732 μὴ
897 680 1035 732 λαβεῖν
1067 679 1186 732 δίκην
1217 683 1271 736 τῷ
1303 680 1422 732 δίκην
1451 678 1542 721 ἐθέ-

170 747 254 786 λειν
278 744 480 799 ὑποσχεῖν.
521 748 561 786 4.
587 742 674 786 ἀλλ’
696 744 828 786 ἐκεῖνα
852 744 925 798 μὲν
949 745 1057 786 ἔσται
1081 744 1192 787 ποτέ·
1210 746 1282 787 τὸν
1300 745 1343 788 δὲ
1361 747 1543 799 Λητόιον

172 809 271 864 ἡμῖν
296 815 443 853 ποιεῖτε
474 810 599 866 μέγαν
631 818 804 866 συγγενῆ
836 810 909 864 μὲν
941 810 1038 853 ὄντα
1067 818 1148 853 τῶν
1177 810 1406 863 ἀδελφιδῶν
1430 812 1543 865 ὑμῖν,

172 877 261 930 ἐμοὶ
293 876 336 919 δὲ
367 876 412 918 ἐν
443 878 550 927 τάξει
580 884 796 932 συγγενῶν.
842 878 886 919 οἴ
913 876 986 931 μὲν
1022 877 1098 932 γὰρ
1129 876 1241 919 ἄλλοι
1271 879 1442 932 χρήμασι
1475 894 1542 920 πι-

172 944 376 993 στεύοντες
402 942 456 993 ὡς
479 943 586 997 ὑμᾶς
611 944 730 996 ἴασιν,
756 943 778 985 ὁ
803 942 847 985 δὲ
871 948 926 1000 τῷ
950 944 1184 1000 πρεσβεύειν
1208 943 1319 994 ἄξιος
1343 941 1448 986 εἶναι
1472 944 1540 987 καὶ

173 1009 222 1062 ὖμ
231 1014 283 1051 ῖν.
327 1010 377 1052 οὐ
413 1010 488 1065 γὰρ
527 1009 755 1065 ἀγνοοῦμεν
794 1008 850 1060 ὡς
885 1009 966 1052 ἀπὸ
1004 1017 1075 1052 τοῦ
1115 1010 1278 1065 χρηστοὶ
1318 1011 1540 1063 φαίνεσθαι

170 1076 271 1131 πρὸς
295 1076 339 1118 τὸ
359 1076 563 1118 δύνασθαι
581 1076 815 1130 προήλθετε.
848 1079 887 1118 5.
907 1077 1055 1126 δείξατε
1075 1076 1127 1130 δὴ
1145 1077 1215 1119 τὸν
1234 1076 1363 1131 ἄνδρα
1380 1078 1541 1132 κρείττω

170 1149 251 1183 τῶν
275 1141 473 1195 οἰομένων
497 1141 623 1183 αὐτοῦ
647 1143 881 1195 κρειττόνων
904 1142 1078 1185 ἔσεσθαι.

1561 962 1596 988 10

808 1285 909 1341 φνε’.
1469 1296 1519 1332 W
1543 1301 1615 1333 45⁹

656 1367 907 1431 Ὀλυμπίῳ.
941 1383 1048 1427 (357)

236 1461 272 1497 1.
299 1455 445 1511 Λέγων
476 1456 552 1498 οὐκ
582 1456 685 1511 ἔχειν
709 1461 840 1498 ποιεῖν
871 1473 939 1511 μοι
969 1456 1060 1513 περὶ
1097 1464 1168 1499 τοῦ
1199 1465 1354 1514 νεφροῦ
1383 1459 1542 1513 βιβλίον

169 1522 237 1564 διὰ
255 1523 299 1563 τὸ
321 1522 376 1576 μὴ
401 1523 533 1563 πάντα
558 1521 736 1577 ἀκριβῶς
762 1522 933 1564 ἀκοῦσαι
961 1523 1010 1565 τὰ
1040 1524 1131 1578 περὶ
1161 1524 1235 1578 τὴν
1259 1524 1383 1566 νόσον
1408 1523 1541 1579 ἕτερον

171 1588 364 1642 ἐποίησας
397 1588 472 1642 τὴν
507 1588 718 1642 ἐπιστολὴν
757 1591 916 1643 βιβλίον
948 1589 1039 1642 περὶ
1073 1597 1146 1632 τοῦ
1180 1593 1266 1632 δεῖν
1296 1587 1358 1631 ἐπ’
1387 1590 1549 1645 ἀκριβεῖ

173 1661 254 1696 τῶν
287 1656 481 1696 τοιούτων
514 1654 617 1711 ἀκοῇ
646 1654 694 1696 τὰ
728 1657 863 1710 βιβλία
896 1661 1039 1698 ποιεῖν.
1088 1660 1126 1698 2.
1162 1656 1228 1710 ἐμὲ
1263 1656 1306 1698 δὲ
1341 1657 1409 1698 καὶ
1442 1657 1540 1698 αὐτὸ

172 1727 290 1762 τοῦτο
315 1721 443 1774 ὤνησε
468 1721 511 1762 τὸ
537 1723 822 1776 προσαγγεῖλαί
850 1734 914 1764 σοι
944 1720 1035 1776 περὶ
1067 1730 1139 1764 τοῦ
1169 1724 1344 1772 πάθους.
1389 1723 1438 1765 οὐ
1463 1723 1539 1778 γὰρ

247 1829 292 1861 14
322 1826 373 1862 VJ
392 1825 439 1871 γ’,
464 1824 543 1872 σμξ
569 1827 603 1872 (e
623 1829 671 1873 7η
699 1829 803 1873 corr).
838 1828 894 1863 Va
919 1826 967 1871 ς’,
993 1826 1062 1871 ξα’.
1098 1827 1148 1864 Vo
1173 1826 1222 1873 ς’,
1247 1826 1307 1871 ξοί

247 1924 267 1957 ’1
293 1921 340 1957 cf.
360 1932 421 1968 ep.
441 1925 631 1958 550—552
745 1927 790 1959 15
816 1923 865 1961 cf.
891 1934 950 1969 ep.
975 1927 1056 1960 489.
1090 1923 1237 1959 Siover·
1267 1927 1312 1959 76
1346 1925 1424 1960 not.
1447 1927 1506 1960 23.

174 1967 294 2005 Seeck
320 1973 401 2006 222.
423 1974 493 2006 334

249 2081 267 2113 1
294 2077 382 2119 τοὺς
407 2077 470 2114 del
496 2078 552 2115 Va
601 2082 622 2114 2
643 2079 826 2125 σοφιστὰς
843 2084 999 2125 ποιῆσαι
1018 2079 1151 2126 scripsi
1187 2084 1344 2126 ποιῆσαι
1363 2079 1543 2126 σοφιστάς

173 2124 264 2161 libri
297 2124 407 2162 Wolf
452 2126 548 2170 πρὸς
577 2127 666 2168 τοὺς
729 2126 862 2170 ἄλλους
895 2127 1010 2165 εἴωθε
1041 2128 1100 2164 vel
1131 2127 1352 2175 εἰώθαμεν)
1386 2134 1541 2175 ποιῆσαι

175 2172 356 2219 σοφιστάς
374 2174 460 2210 coni
477 2174 534 2211 Re
555 2176 562 2220 Ι
583 2174 680 2211 νέων
728 2188 754 2212 a
775 2177 782 2222 Ι
802 2176 844 2212 τὸ
863 2182 942 2213 πᾶν
962 2175 1025 2212 del
1045 2177 1102 2212 Va
1150 2180 1171 2212 3
1191 2177 1373 2221 λελῆσθαι
1393 2177 1449 2212 Va
1474 2177 1540 2213 sed

174 2234 198 2267 η
224 2221 337 2268 suppl
361 2222 418 2258 ιιι·
462 2222 468 2270 Ι
514 2221 709 2269 μαθητήν·
734 2224 806 2270 ἐγὼ
831 2222 874 2261 δὲ
900 2224 963 2260 del
990 2224 1045 2260 Va
1138 2227 1159 2259 5
1180 2221 1237 2260 ὅτι
1255 2223 1345 2260 libri
1367 2223 1473 2260 Wolf

176 2272 196 2304 7
221 2268 305 2306 τότε
331 2270 387 2307 Re
405 2271 506 2315 (μισεῖ
522 2282 600 2307 mm
617 2271 728 2308 valde
745 2274 879 2319 ιιι-θεῶ·
907 2271 1043 2318 Suppl)
1099 2275 1121 2307 8
1147 2277 1311 2308 ποιεῖται
1334 2271 1424 2308 libri
1461 2283 1543 2308 corr

175 2315 285 2354 Wolf
335 2321 357 2353 9
384 2317 421 2354 ol
447 2318 580 2365 scripsi
618 2320 652 2356 εί
670 2319 760 2355 libri
785 2319 894 2356 Wolf
966 2324 1011 2356 10
1036 2321 1124 2366 pont
1148 2316 1249 2357 εἶναι
1275 2321 1451 2366 „libenter
1475 2321 1543 2358 ad·

175 2365 295 2402 derem
326 2366 389 2402 δεῖ
417 2369 606 2413 (oportet);
632 2368 685 2404 ad
715 2367 822 2412 ἄξιος
844 2368 1009 2405 subaudi
1031 2370 1161 2414 τιμῆς“
1188 2367 1244 2404 Re
1308 2372 1352 2404 12
1378 2366 1541 2414 κρείττο-

177 2426 227 2449 να
250 2412 360 2449 Wolf
424 2419 469 2451 13
495 2416 667 2460 sequitur
690 2426 749 2461 ep.
770 2419 840 2452 564
865 2416 905 2452 iu
930 2416 966 2451 V
1027 2419 1069 2451 17
1095 2415 1142 2452 τὰ
1167 2416 1302 2463 scripsi
1327 2427 1348 2452 o
1380 2417 1437 2453 Va
1466 2423 1542 2453 τῶν

185 2461 276 2498 VVo
300 2461 409 2498 Wolf
473 2466 518 2498 18
543 2460 600 2499 ἐπ’
620 2462 723 2499 inser
750 2464 805 2500 V²
883 2468 929 2499 20
954 2463 1098 2510 ὤνησεν
1125 2464 1180 2501 Va
1226 2466 1231 2511 Ι
1276 2467 1543 2512 προσαγγεῖλαι

176 2508 311 2555 scripsi
335 2521 356 2546 ε
389 2511 483 2547 VVa
507 2512 755 2558 προαγγεῖλαι
781 2513 832 2549 Vo
858 2511 966 2548 Wolf

1563 1390 1596 1416 1⁵

1563 1741 1595 1764 50
