1806 2964
615 249 886 287 Epls'rULAE
912 252 1101 287 τεο-εει
1451 248 1537 292 547

180 362 537 418 Ἀρισταίνετος
568 364 733 418 βιβλία
766 366 867 412 τοῖς
892 363 1074 415 φίλοις,
1100 362 1182 404 ἵνα
1207 361 1269 416 μὴ
1294 363 1547 420 διαβληθῇ

180 432 307 488 πρὸς
339 431 451 480 τοὺς
471 427 730 483 ’Ἐλληναςς
764 429 885 470 πάλιν
916 428 967 482 δή
1000 441 1064 470 σοι
1095 426 1194 483 λέγω
1218 434 1360 479 ταῦτα,
1392 426 1466 481 ὣς,
1496 426 1549 470 ἂν

173 497 229 552 μὴ
253 496 419 554 πέμψῃς
443 495 621 550 ἐκείνων,
646 495 696 537 ού
714 495 829 553 λήψῃ
847 495 1014 547 τούτων,
1039 493 1084 536 ἐν
1102 490 1163 544 οἷς
1182 494 1248 536 καὶ
1273 494 1411 544 αὐτοῖς
1428 493 1549 549 εὑρή-

177 577 260 614 σεις
283 563 440 604 πολιάν.
479 562 528 604 ού
552 561 627 618 γὰρ
652 560 752 602 κατὰ
776 560 847 602 τὸν
868 558 1022 603 Ἰόλεων
1055 559 1098 601 ἐκ
1129 559 1315 616 γέροντος
1339 559 1415 616 ἐγὼ
1440 559 1547 610 vioe*

171 629 246 684 οὐχ
270 629 376 671 οὕτω
401 643 469 682 μοι
494 631 652 682 φαῦλον
677 627 720 668 οἱ
739 627 869 681 νόμοι.
1582 629 1599 656 ⁵

805 758 918 812 φποί.
1474 766 1520 802 w
1550 769 1619 802 49⁶

664 840 912 902 Ὀλυμπίῳ.
945 848 1052 892 (357)

238 937 275 974 1.
304 931 358 973 Τὸ
390 929 463 984 μὲν
493 933 732 985 προσπεσεῖν
763 941 827 970 σοι
851 928 977 971 πολλὰ
1007 929 1167 983 λυπηρὰ
1198 929 1293 983 μετὰ
1323 929 1397 981 τὴν
1421 927 1549 983 ἀρχὴν

177 996 316 1053 λέγων,
341 995 442 1039 αὐτὰ
469 995 513 1038 δὲ
537 991 598 1045 οἷς
622 995 834 1049 ἐλυπήθης
859 995 936 1037 οὐκ
961 994 1085 1037 εἰπὼν
1110 1002 1193 1036 πᾶν
1212 991 1318 1044 εἶδός
1343 1010 1389 1048 με
1413 1000 1549 1035 κακῶν

174 1062 408 1118 ἠνάγκασας
443 1061 622 1116 ἐννοεῖν,
659 1058 751 1102 ὥστ’
779 1061 854 1103 οὐκ
888 1061 993 1103 ἔστιν
1027 1057 1094 1114 ἐφ’
1129 1061 1151 1103 ὅ
1183 1077 1219 1102 τι
1253 1059 1437 1116 δυσχερὲς
1472 1060 1546 1113 τὴν
1566 1074 1602 1101 ιο

173 1129 315 1184 ψυχὴν
333 1130 409 1171 οὐκ
428 1127 538 1184 ἄγων
556 1127 780 1182 ἀπεύχομαι
799 1126 870 1181 μὲν
889 1126 1017 1182 μηδὲν
1035 1123 1138 1169 εἶναι
1157 1127 1323 1180 τούτων,
1342 1127 1549 1181 φοβοῦμαι

177 1195 222 1238 δὲ
248 1196 302 1250 μὴ
330 1195 483 1237 τούτων
507 1194 578 1251 ἐνῇ
603 1210 651 1235 τι.
685 1197 723 1235 2.
749 1194 786 1235 εἰ
810 1192 882 1247 μὲν
909 1189 983 1236 οὖν
1001 1191 1130 1252 ᾔδειν,
1154 1190 1251 1234 καθ’
1275 1191 1297 1235 ὃ
1323 1192 1460 1249 μέμφῃ
1479 1192 1548 1234 τὸν

175 1263 371 1316 δαίμονα,
401 1261 503 1317 πρὸς
527 1256 634 1302 τοῦτ’
655 1259 706 1302 ἂν
731 1259 955 1313 ἐποιούμην
979 1260 1050 1302 τὸν
1075 1260 1212 1314 λόγον·
1238 1259 1321 1301 ἐπεὶ
1346 1258 1389 1300 δὲ
1415 1258 1550 1308 ἁπλῶς

177 1327 233 1378 ὡς
259 1328 344 1382 εἴης
375 1327 419 1369 ἐν
443 1331 627 1381 χαλεποῖς
651 1326 826 1380 ἀκήκοα,
851 1333 1035 1381 παραινῶ
1060 1338 1124 1368 σοι
1148 1325 1298 1375 παντὸς
1323 1324 1547 1379 ἀνδρειότε-

177 1410 252 1448 ρον
278 1390 382 1435 εἶναι
406 1399 533 1435 κακοῦ
559 1393 601 1434 τὸ
627 1398 832 1446 πανταχοῦ
863 1392 1078 1447 λεγόμενον
1109 1389 1333 1446 ἡγούμενος
1357 1385 1402 1432 εὖ
1428 1391 1547 1445 ἔχειν,
1567 1398 1602 1425 ²⁵

174 1460 230 1510 ὡς
256 1460 332 1502 οὐκ
365 1460 471 1502 ἔστιν
497 1460 600 1509 ἴασις
626 1463 854 1514 συμφοραῖς
877 1457 904 1512 ἡ
929 1460 1050 1511 λύπη.
1095 1461 1134 1501 3.
1159 1461 1288 1507 καλῶς
1315 1457 1359 1499 δέ
1385 1472 1455 1511 μοι
1481 1458 1549 1498 δο-

175 1531 258 1576 κεῖς
283 1525 351 1568 καὶ
376 1532 493 1567 τοῦτο
519 1527 826 1579 βεβουλεῦσθαι,
850 1529 1099 1579 καταφυγεῖν
1125 1524 1181 1574 εἰς
1201 1524 1396 1564 Νίκαιαν·
1423 1539 1548 1578 παρα-

176 1594 332 1646 μύθιον
355 1591 430 1647 γὰρ
457 1587 546 1633 οἷον
571 1591 646 1632 οὐκ
671 1590 765 1632 ἄλλο
791 1592 864 1644 ζῆν
896 1590 972 1632 σὺν
997 1589 1266 1648 Ἀρισταινέτῳ
1290 1589 1358 1631 καὶ
1385 1588 1549 1644 μορφὴν

250 1712 271 1744 6
306 1708 356 1744 V!
378 1707 426 1754 γ’,
451 1703 517 1744 ου’.
553 1708 610 1744 Va
634 1706 680 1753 ς’,
706 1706 776 1750 πζ.
811 1707 863 1744 Vo
883 1704 930 1750 ς’,
953 1705 1024 1749 πζ.
1051 1706 1079 1743 S
1103 1705 1150 1750 δ’,
1177 1705 1231 1742 νε’

253 1821 270 1851 1
299 1816 344 1852 cf.
365 1818 391 1851 t.
411 1814 499 1851 VIII
533 1818 614 1860 617,
637 1818 691 1851 10.
725 1814 831 1851 Dem.
858 1813 928 1850 1.1.
960 1818 981 1858 ξ
1004 1817 1110 1859 138q.
1209 1818 1231 1849 4
1258 1811 1365 1849 ovid.
1395 1811 1548 1848 met.1x

176 1867 310 1910 3980q.
331 1867 414 1900 430.
440 1863 564 1899 Schol.
585 1862 693 1898 Pind.
713 1862 823 1908 Pyth.
843 1861 892 1898 IX
915 1866 959 1898 '1⁹
982 1864 987 1908 Ι
1010 1862 1057 1902 of,
1078 1874 1134 1908 ep.
1156 1865 1226 1898 300
1251 1874 1289 1907 p.
1309 1864 1391 1906 281,
1407 1864 1451 1896 15

179 1915 199 1947 ’1
214 1911 333 1949 Seeck
358 1915 439 1948 223.
461 1915 530 1947 336
607 1914 650 1948 18
677 1910 796 1948 Seeck
816 1914 860 1946 85

250 2041 271 2073 8
297 2037 346 2084 μὴ
372 2037 475 2074 inser
500 2037 557 2072 V¹
582 2038 619 2073 et
641 2038 790 2072 restatu-
813 2036 870 2072 m⁸
892 2038 897 2083 Ι
928 2036 1030 2078 §vote
1055 2036 1112 2072 Va
1146 2036 1152 2082 Ι
1187 2034 1317 2076 αὐτοῖς
1344 2035 1378 2071 V
1399 2033 1466 2069 sed
1491 2039 1549 2076 οῖς

176 2096 223 2121 ex
249 2085 291 2128 ὸς
315 2096 399 2121 corr
430 2085 488 2121 ιιι*
571 2088 592 2120 8
622 2084 675 2121 Τὸ
701 2105 747 2111 -
769 2087 814 2120 10
845 2085 991 2121 ἐννοεῖν
1022 2082 1240 2130 praemissis
1272 2081 1396 2119 verbio
1427 2082 1548 2118 ἐννοῶ

178 2131 316 2180 ὁμοίως
340 2132 553 2181 αἰτιατικῇ,
578 2133 630 2174 ὡς
653 2133 718 2169 καὶ
743 2132 939 2180 Λιβάνιος·
965 2131 1003 2168 τί
1027 2137 1178 2176 πρῶτον
1210 2129 1375 2175 ἑννοήσω
1401 2132 1459 2175 (--
1487 2141 1544 2176 ep.

179 2184 249 2217 390
274 2193 310 2227 p.
326 2183 459 2227 882‚5)
492 2181 557 2217 καὶ
588 2180 772 2228 Λιβάνιος
802 2178 981 2229 ἀλλαχόσε
1013 2179 1110 2215 citat
1140 2179 1360 2224 Laeapenus
1392 2177 1545 2224 epimer.

177 2229 236 2266 ed.
258 2229 300 2265 G.
327 2229 522 2265 Hermann
552 2229 599 2265 de
633 2228 778 2266 emend.
810 2234 880 2265 rat.
914 2240 1072 2275 gramm.
1108 2237 1230 2274 graec.
1251 2239 1287 2273 p.
1309 2230 1450 2271 884,12

177 2283 199 2313 9
228 2277 358 2319 αὐτοῖς
384 2278 419 2314 V
439 2277 506 2313 aed
532 2282 589 2318 οῖς
613 2276 654 2312 in
679 2276 705 2312 ὰ
730 2287 814 2312 con·
837 2276 907 2321 m⁴,
940 2276 997 2312 Va
1034 2276 1149 2317 αὐτὸς
1173 2274 1203 2312 S
1239 2277 1244 2320 Ι
1288 2287 1332 2321 με
1356 2273 1498 2310 inserui
1524 2283 1546 2309 e

186 2325 281 2362 VVa
325 2335 387 2361 om
415 2325 503 2362 VoS
519 2325 646 2371 Laoap
666 2323 776 2360 Wolf
822 2327 867 2360 10
887 2321 974 2360 ὥστ’
997 2323 1149 2369 reposui
1175 2334 1195 2359 ο
1221 2322 1328 2359 libris
1372 2322 1421 2363 ὡς
1442 2320 1551 2357 Wolf

181 2377 223 2409 11
252 2372 398 2410 εἰδέναι
423 2373 478 2410 Va
489 2373 539 2410 Vo
565 2374 631 2409 ned
657 2372 695 2408 in
722 2372 794 2408 hoc
818 2372 859 2408 in
884 2369 984 2409 εἶναι
1009 2382 1093 2407 corr
1115 2370 1183 2416 ιη’,
1210 2370 1239 2407 S
1292 2374 1336 2406 12
1362 2369 1398 2405 τί
1425 2369 1516 2406 VVo
1538 2369 1544 2417 Ι

178 2419 295 2457 εἴδειν
323 2421 379 2458 Va
454 2424 498 2456 14
527 2420 670 2463 παντὸς
701 2420 836 2467 scripsi
861 2432 881 2456 e
908 2421 944 2458 V
980 2419 1132 2461 πάντως
1160 2419 1274 2455 VaVo
1306 2417 1372 2453 sed
1403 2417 1443 2453 in
1474 2416 1546 2452 hoc

177 2468 219 2504 in
245 2466 388 2510 παντὸς
412 2479 494 2505 corr
517 2469 585 2513 m',
611 2469 641 2505 S
669 2467 780 2504 Wolf
861 2471 905 2504 15
931 2467 1141 2514 ἡγούμενον
1169 2467 1221 2503 Vo
1253 2466 1414 2502 fortasse
1444 2465 1546 2500 recte

253 2520 297 2552 16
325 2522 538 2563 συμφοραῖς
561 2515 713 2563 toposui
739 2527 760 2552 e
784 2515 892 2551 libris
949 2520 1152 2561 συμφορῶν
1178 2513 1287 2550 Wolf
1310 2516 1316 2558 1
1339 2512 1361 2559 ἣ
1388 2513 1446 2550 Va
