1806 2964
269 209 354 252 748
849 209 1031 246 LIBANII

267 321 373 377 αὐτῷ
406 320 611 362 κατέλιπεν
647 317 778 361 ἆθλον
812 326 892 361 τῶν
928 320 1130 362 κινδύνων
1161 321 1293 375 λαβὼν
1330 322 1519 375 βασιλέως
1553 317 1622 363 οὖ-

267 399 355 439 σαν,
390 387 439 427 οὐ
475 386 618 440 Τύρου.
671 388 709 426 3.
747 387 895 426 κελεύει
933 384 988 434 δέ,
1027 383 1080 434 ὥς
1117 386 1243 439 ἴσμεν,
1281 385 1302 427 ὁ
1340 386 1524 440 βασιλεὺς
1553 387 1640 438 τὰς,

267 451 338 505 μὲν
381 452 514 501 πόλεις
555 450 603 492 τὰ
646 450 777 492 αὐτῶν
814 452 1064 504 κομίζεσθαι,
1108 450 1155 492 τὰ
1198 447 1235 492 δ’
1275 451 1413 508 ἐκείνῳ
1450 451 1624 493 δοθέντα

267 517 409 570 μένειν.
462 523 584 557 ταῦτα
625 516 668 558 δέ
708 528 834 569 φησιν
874 516 949 557 οὐκ
988 515 1148 570 ἀγνοεῖν
1183 507 1260 570 ’μὲν
1302 517 1396 561 τοὺς
1436 518 1621 572 Τυρίους,

231 597 247 623 5
265 582 482 624 ἐπιθέσθαι
526 580 568 622 δὲ
611 581 716 638 αὑτῷ
756 581 1118 638 συκοφαντουμένῳ
1155 583 1411 631 πιστεύοντας
1448 582 1498 623 οὗ
1540 586 1624 631 τοῖς

266 649 450 700 δικαίοις,
487 647 583 688 ἀλλὰ
620 651 674 705 τῷ
708 650 839 703 καιρῷ.
888 650 927 687 4.
964 646 1040 701 ἐγὼ
1078 645 1120 688 δὲ
1157 647 1274 689 πόλιν
1305 648 1408 688 οὕτω
1438 646 1623 702 λαμπρὰν

266 713 341 754 οὐκ
366 712 417 753 ἂν
441 712 598 770 ἀξιοίην
621 713 843 767 κερδαίνειν
861 719 1006 764 κακῶς,
1032 711 1120 754 οὔτε
1139 712 1213 766 γὰρ
1238 712 1360 753 καλὸν
1380 708 1464 753 οὔτ’
1492 711 1620 764 ἀσφα-

266 778 340 828 λές.
385 778 439 820 ἔτι
466 777 508 818 δὲ
534 784 607 818 σοῦ
629 778 790 827 δικαίως
809 778 909 833 πρὸς
928 777 1075 826 αὐτοὺς
1093 776 1420 832 προσφερομένου
1444 783 1528 826 πῶς
1547 777 1620 818 οὐκ

267 843 418 885 ἄτοπον
444 844 497 896 μὴ
523 850 615 896 νῦν,
640 844 749 898 εἴπερ
780 842 888 896 ποτέ,
919 842 986 884 καὶ
1023 842 1168 892 αὐτοὺς
1199 843 1459 895 δικαιοσύνην
1489 841 1624 884 ἀσκεῖν

212 925 247 951 ιο
266 909 330 950 καὶ
366 911 435 950 τὸν
470 909 711 961 ἐφεστηκότα
746 913 971 961 μιμεῖσθαι;
1011 911 1048 950 5.
1087 908 1124 949 εἰ
1156 907 1199 949 δὲ
1232 915 1353 948 ταῦτα
1387 907 1459 961 μὲν
1491 908 1624 949 ὕθλον

266 973 471 1030 ἡγοῦνται,
506 974 639 1015 δεινὸν
674 973 730 1028 δέ,
763 974 800 1015 εἰ
832 973 887 1027 μὴ
923 980 993 1027 τῆς
1027 981 1097 1015 τοῦ
1128 974 1338 1015 νεανίσκου
1372 979 1541 1028 ταραχῆς
1565 974 1623 1023 εἰς

265 1041 494 1090 πλεονεξίαν
514 1039 798 1093 ἀπολαύσουσι,
822 1040 1072 1081 παυσάσθων
1090 1039 1331 1093 βιαζόμενοι·
1357 1039 1423 1079 καὶ
1441 1039 1515 1094 ’γὰρ
1533 1039 1622 1080 τού·

265 1122 318 1163 τῳ
343 1105 539 1146 πέπαυται
564 1104 609 1145 τὰ
635 1104 788 1159 φοβερὰ
812 1105 937 1158 κρίσει
961 1104 1028 1145 καὶ
1051 1104 1194 1162 ψήφῳ.

194 1257 241 1291 w
268 1260 336 1292 749
886 1245 998 1288 ωκθ’.

212 1349 245 1375 1⁶
754 1331 980 1388 Λεοντίῳ.
1032 1341 1139 1385 (363)

328 1419 365 1456 1.
391 1415 591 1457 Εὐτόκιον
615 1416 653 1456 εἰ
676 1414 748 1468 μὲν
773 1411 908 1467 οἶσθα,
933 1414 996 1455 καὶ
1019 1414 1079 1455 ὅτι
1105 1414 1270 1469 χρηστός
1295 1414 1400 1455 ἐστιν
1424 1411 1561 1455 οἶσθα·
1587 1415 1626 1456 εἰ

266 1478 302 1522 δ’
332 1481 502 1535 ἀγνοεῖς,
527 1478 612 1521 ἀλλ’
640 1481 739 1533 ἐμοῦ
765 1486 1060 1535 μαρτυροῦντος
1085 1480 1189 1521 οὕτω
1213 1479 1301 1533 περὶ
1328 1480 1452 1521 αὐτοῦ
1472 1479 1622 1533 φρόνει.

264 1546 433 1602 χρηστὸν
464 1545 507 1587 δὲ
537 1545 758 1601 ἄνθρωπον
789 1545 920 1600 ἅρχων
955 1546 1107 1593 δίκαιος
1139 1544 1193 1594 ὡς
1217 1540 1261 1586 εὖ
1292 1545 1449 1598 ποιήσει
1489 1545 1622 1598 δῆλον.

268 1616 304 1653 2.
332 1613 410 1653 ἔστι
437 1611 479 1652 δὲ
505 1612 612 1668 αὐτῷ
643 1610 710 1652 καὶ
736 1612 849 1664 φιλία
873 1610 972 1665 πρὸς
997 1608 1100 1663 ἡμᾶς
1126 1610 1200 1651 οὐκ
1225 1610 1303 1651 ἀπὸ
1329 1616 1505 1664 σμικρῶν
1530 1608 1620 1651 οὐδ’

211 1695 245 1720 20
266 1677 420 1732 ὀλίγων.
464 1677 614 1719 οὐκοῦν
640 1677 740 1730 αὕτη
766 1689 831 1717 σοι
856 1675 1016 1730 δευτέρα
1034 1682 1106 1717 τοῦ
1124 1676 1193 1717 τὸν
1213 1676 1411 1718 Εὑτόκιον
1431 1670 1476 1716 εὖ
1493 1679 1623 1716 ποιεῖν

265 1744 433 1798 ἀνάγκη,
459 1743 541 1784 ἐπεὶ
566 1743 633 1783 καὶ
657 1747 742 1783 τοῖν
765 1741 874 1783 νέοιν
898 1741 966 1782 τὸν
992 1740 1064 1795 μὲν
1089 1739 1186 1794 ἡμῖν
1206 1740 1443 1794 ἀπέπεμψας
1462 1741 1622 1795 ῥήτορα,

267 1810 334 1850 τὸν
359 1808 402 1849 δὲ
427 1809 523 1862 ἔχεις
548 1807 615 1848 καὶ
640 1807 763 1848 αὐτὸν
788 1807 972 1860 ἔμπειρον
997 1806 1241 1857 καταστήσας
1266 1807 1399 1847 δικῶν.

340 1916 383 1947 14
418 1913 482 1948 1⁷11
505 1910 551 1956 β’,
577 1910 663 1947 σκέ.
696 1911 753 1946 Va
778 1913 819 1952 ζ,
845 1908 927 1950 σις’.
961 1910 1013 1946 Vo
1034 1909 1102 1956 (ζ’),
1128 1909 1212 1949 σις’.
1237 1909 1314 1945 Ath

340 2012 381 2042 15
409 2006 526 2042 Seeck
554 2009 623 2042 195
655 2009 725 2043 398
801 2009 843 2041 16
871 2004 988 2040 Seeck
1016 2009 1082 2040 151

340 2106 361 2137 3
387 2103 510 2138 αὐτῶν
536 2102 654 2138 VaVo
698 2102 704 2147 Ι
750 2101 790 2137 δὲ
818 2101 971 2137 MoAth
994 2099 1102 2135 Wolf
1170 2103 1192 2135 ὅ
1217 2100 1318 2148 αὐτῷ
1342 2098 1430 2135 libri
1455 2097 1563 2134 Wolf

267 2154 288 2185 6
315 2150 410 2186 οὕτω
437 2161 520 2185 eras
546 2151 616 2185 Mo
689 2152 708 2184 ’1
736 2148 821 2184 οὔτε
841 2147 948 2184 Wolf
1023 2151 1044 2183 8
1070 2146 1113 2183 δὲ
1138 2146 1271 2192 scripsi
1294 2147 1333 2183 τὲ
1361 2146 1468 2183 VAth
1500 2158 1540 2182 τε
1566 2144 1621 2182 Va

274 2198 326 2234 Vo
338 2199 404 2234 Mo
429 2197 537 2233 Wolf
570 2198 576 2243 Ι
617 2195 827 2242 φερομένου
851 2196 928 2232 Ath
1001 2199 1044 2231 11
1073 2194 1106 2231 εἰ
1129 2194 1178 2240 μὴ
1203 2194 1355 2240 reposui
1380 2204 1400 2230 e
1432 2192 1622 2230 VMoAth

267 2256 352 2281 cum
376 2245 430 2280 Re
466 2245 556 2291 ἡμῖν
583 2244 698 2280 VaVo
723 2245 789 2280 sed
813 2243 854 2278 in
878 2243 951 2279 hoc
975 2242 1016 2279 in
1041 2242 1074 2279 εἰ
1098 2242 1147 2288 μὴ
1173 2253 1254 2278 corr
1278 2242 1336 2277 m¹⁵
1373 2241 1406 2278 εἰ
1430 2240 1538 2277 Wolf

269 2320 313 2353 12
339 2303 594 2352 σιταυσοὶσιθὲἶῖἷνν
618 2316 697 2352 Ath
793 2317 838 2350 16
865 2312 921 2350 ὅτι
939 2314 1005 2350 καὶ
1028 2313 1106 2350 Ath
1204 2317 1248 2348 17
1273 2313 1360 2359 περὶ
1385 2312 1501 2349 αὐτοῦ
1526 2310 1621 2348 οὕτω

266 2365 344 2400 Αιῆ
418 2368 462 2399 19
489 2363 587 2400 ἔστιν
614 2363 670 2400 Va
723 2363 730 2410 Ι
775 2367 938 2409 σμικρῶν
964 2362 1000 2398 V
1020 2361 1087 2397 sed
1112 2371 1133 2397 σ
1158 2360 1236 2396 add
1261 2360 1317 2396 m⁴
1395 2363 1441 2396 20
1463 2364 1531 2396 τοῦ
1553 2357 1621 2394 τὸν

265 2423 326 2447 om
346 2412 422 2448 Ath
