1806 2964
615 199 887 238 EPISTULAE
914 202 1106 236 ιιε-ιιε
1196 194 1198 197 ’
1450 196 1543 241 143

167 318 386 371 λαμβάνειν
418 315 578 358 εἰδέναι.
630 318 669 356 2.
701 314 752 356 σὺ
785 312 828 356 δὲ
852 314 1011 355 πείθων
1040 312 1135 362 τοὺς
1166 310 1283 361 νέους
1312 306 1410 366 παρ’
1437 308 1545 364 »ἡμᾶς

166 382 315 439 τρέχειν
345 383 487 438 ὅμοιον
517 386 647 431 ποιεῖς
676 380 808 435 ὥσπερ
838 379 890 421 ἂν
922 379 959 422 εἰ
987 377 1180 437 παρῄνεις
1204 378 1343 427 αὐτοῖς
1366 376 1476 433 παρὰ
1500 374 1544 419 σὲ

165 449 325 506 τρέχειν.
362 445 486 492 οἶσθα
516 448 616 504 γάρ,
647 445 723 500 ὦς,
754 445 806 488 ἂν
836 445 912 502 ἐγὼ
937 447 1146 499 φαίνωμαι
1173 444 1372 500 λαμπρός,
1405 442 1474 485 καὶ
1497 442 1543 485 τὸ

165 516 242 559 σὸν
266 515 310 559 έν
335 515 454 574 δόξῃ,
478 513 556 556 κᾶν
581 512 658 569 ἐγὼ
685 513 788 564 δόξω
813 512 868 567 μὴ
888 512 1012 562 κακὸς
1030 507 1134 554 εἶναι
1152 511 1374 565 παιδεύειν,
1391 509 1459 551 καὶ
1478 508 1543 551 σοὶ

117 599 119 601 ·
165 590 291 625 ταῦτα
313 581 366 624 ἂν
391 580 537 635 ὀνῆσαι
560 580 768 622 παιδεύειν
792 578 978 637 ἑλομένῳ.
1009 578 1060 620 οὗ
1078 577 1154 634 γὰρ
1172 576 1389 633 ἀγνοοῦσιν
1409 577 1453 618 οἱ
1469 574 1543 617 ἄν·
1578 589 1596 617 ⁶

164 653 328 705 θρωποι
361 647 410 690 τὰ
438 643 665 701 Ἀθήνησιν
696 644 796 700 ἡμῖν
826 645 956 687 κοινά.
994 647 1034 687 3.
1068 645 1112 686 τὸ
1146 642 1219 698 μὲν
1252 638 1329 685 οὖν
1362 642 1463 701 ἔργῳ
1494 641 1543 683 τὰ

165 713 334 770 ἡμέτερα
365 710 548 773 ᾑρῆσθαι
577 711 818 767 θαυμαστὸν
849 710 990 765 οὐδέν,
1021 710 1086 753 σοὶ
1115 710 1191 767 γὰρ
1217 708 1239 752 δ
1263 710 1353 765 βίος
1376 709 1422 752 ἐκ
1445 707 1542 750 νέου

164 782 213 824 τὰ
237 782 370 835 φίλων
388 779 546 834 αὔξειν,
570 778 614 821 τὸ
634 775 672 821 δ’
690 777 898 834 ὁμολογεῖν
916 777 961 819 ἐν
979 778 1227 833 γράμμασιν,
1245 773 1268 817 ὃ
1288 780 1431 829 ποιεῖς,
1449 781 1541 817 τοῦ-

164 863 209 891 το
241 846 285 890 δὲ
316 846 366 890 οὗ
396 845 498 888 κατὰ
527 845 603 900 τὴν
633 844 711 899 σὴν
743 845 914 899 δειλίαν,
943 843 1043 886 ἀλλὰ
1072 843 1148 900 γὰρ
1174 842 1291 898 ἔργον
1320 848 1438 884 τοῦτο
1468 847 1542 883 τοῦ

165 914 331 970 ἔρωτος,
355 911 401 963 ὃς
424 912 493 955 καὶ
518 912 614 961 τοὺς
639 911 795 961 δειλοὺς
818 903 1094 967 θρασυτέρους
1118 914 1234 952 ποιεῖ.
1560 922 1597 949 ιο

797 1042 903 1099 ρμη’.
1465 1049 1516 1086 W
1543 1049 1613 1084 148

638 1125 851 1186 Ἀκακίῳ.
890 1136 1061 1184 (359160)

227 1220 266 1258 1.
304 1215 389 1271 Οὖχ
420 1214 442 1257 ὁ
478 1214 694 1265 Φιλόξενος
725 1213 853 1268 μόνον
883 1213 1098 1267 ἐπανήκων
1131 1212 1309 1266 ἀμείνων
1338 1212 1541 1267 ἐξώρμησε

162 1283 233 1325 τὸν
258 1282 455 1337 ἀδελφόν,
481 1281 578 1323 ἀλλὰ
602 1280 671 1322 καὶ
694 1287 767 1323 τοῦ
795 1279 1016 1329 Φιλοξένου
1035 1295 1094 1330 τις
1112 1278 1302 1332 ἀνεψιός,
1321 1274 1447 1320 οἶσθα
1463 1277 1541 1334 γὰρ

163 1347 212 1391 ὃν
243 1347 320 1405 ἐγὼ
351 1349 451 1405 λέγω
481 1347 550 1390 καὶ
580 1346 708 1402 λέγειν
737 1346 814 1389 οὐκ
845 1345 997 1396 ἐθέλεις
1027 1346 1155 1396 εἰδώς.
1199 1348 1238 1387 2.
1270 1344 1298 1400 ἣ
1325 1345 1471 1387 τούτου
1495 1360 1540 1400 γε
1559 1356 1595 1384 16

166 1414 281 1458 ἕνεκα
305 1422 377 1457 τοῦ
403 1413 592 1470 δευτέρου
616 1413 725 1470 παρὰ
749 1411 793 1455 σὲ
816 1419 918 1469 χρῆν
943 1411 1011 1454 καὶ
1035 1412 1106 1455 τὸν
1133 1412 1353 1461 Φιλόξενον
1377 1411 1445 1452 καὶ
1469 1411 1541 1453 τὸν

162 1482 341 1535 ἀδελφὸν
376 1481 448 1523 τὸν
484 1480 640 1523 ἐκείνου
672 1487 836 1534 φοιτᾶν,
871 1478 926 1529 ὡς
958 1477 1079 1521 οὐδέν
1116 1494 1159 1534 γε
1189 1474 1285 1533 παρ’
1314 1476 1414 1532 ἡμῖν
1449 1476 1541 1519 οὔτε

162 1554 355 1591 τοσοῦτον
379 1546 470 1590 οὔτε
494 1553 679 1589 τοιοῦτον
704 1545 847 1588 ὁποῖόν
871 1561 911 1587 τε
935 1545 1003 1586 καὶ
1028 1543 1180 1588 ὁπόσον
1202 1544 1312 1600 παρὰ
1337 1545 1405 1586 σοί
1409 1561 1420 1595 ;
1452 1545 1540 1586 καί-

162 1631 224 1656 τοι
253 1614 437 1664 Τιτιανὸς
460 1614 555 1671 τῇδε
579 1617 662 1663 τοῖς
687 1613 820 1668 λόγοις
838 1613 1123 1668 προστίθησιν,
1147 1607 1233 1652 ἀλλ’
1249 1610 1325 1666 ἐγὼ
1345 1610 1416 1653 τὸν
1434 1611 1540 1653 οἴκοι

235 1771 279 1804 11
313 1767 382 1808 7η
398 1765 450 1812 α’,
469 1765 570 1813 (καθ’.
599 1767 650 1804 V!
666 1766 709 1812 ε’,
729 1765 825 1813 ‘’fi’'
844 1765 924 1811 (fol.
945 1766 1059 1811 369').
1082 1766 1140 1802 Va
1163 1764 1211 1813 β’,
1236 1763 1309 1813 νβ’.
1342 1765 1396 1801 7ο
1414 1763 1462 1812 β’,
1477 1760 1533 1812 νβ’

238 1916 282 1948 12
310 1912 457 1949 Sievers
482 1915 567 1958 278,
581 1916 615 1949 2.
642 1911 761 1948 Seeck
786 1914 845 1948 48.
872 1914 955 1948 866.
982 1909 1152 1947 Silomon
1176 1914 1222 1947 36

233 2061 257 2092 4
283 2056 356 2104 σοὶ]
378 2057 423 2092 σὺ
456 2056 513 2093 Va
563 2060 586 2092 5
610 2055 732 2093 tam&
751 2057 809 2093 Va
818 2056 871 2093 Vo
893 2057 900 2102 Ι
922 2055 1058 2101 ὀνῆσαι
1078 2056 1131 2094 70
1156 2055 1224 2092 sed
1249 2055 1260 2067 '
1326 2058 1342 2067 ”
1369 2066 1453 2092 corr
1479 2055 1539 2091 m⁸

162 2107 186 2142 8
213 2103 256 2141 δὲ
289 2105 346 2142 Va
369 2103 481 2141 Wolf
521 2106 528 2150 Ι
568 2103 612 2141 δὲ
637 2107 725 2151 poet
748 2103 946 2151 ὁμολογεῖν
971 2104 1074 2141 inser
1109 2103 1177 2142 Vo‘
1264 2103 1309 2140 1³
1336 2103 1538 2149 ἐπανήκων

164 2152 253 2199 ἡμῖν
277 2153 454 2199 ἐξώρμισε
487 2153 539 2192 Vt
619 2157 663 2189 16
689 2154 804 2201 ἐχρῆν
838 2152 894 2189 Va
931 2152 1002 2211 χρὴ
1035 2153 1086 2192 VJ
1165 2155 1208 2188 1⁷
1235 2152 1322 2189 οὔτε
1347 2151 1490 2189 inserui
1516 2163 1539 2188 ο

168 2200 222 2241 V1
262 2211 322 2237 om
359 2201 549 2240 V11VaVo
573 2200 683 2237 Wolf
755 2205 799 2237 19
824 2205 905 2242 τοῖς
928 2201 1057 2247 λόγοις
1080 2199 1223 2237 inserui
1248 2212 1269 2236 ο
1303 2202 1353 2241 V1
1394 2212 1456 2237 om
1471 2201 1540 2240 Vn

170 2249 227 2286 Va
235 2249 287 2286 Vo
315 2248 444 2296 Wolf}
466 2248 705 2309 προστιθησα
739 2250 806 2289 Vn
828 2249 896 2285 sed
920 2250 1010 2295 post
1033 2263 1059 2285 α
1083 2259 1146 2285 ras
1171 2253 1193 2285 2
1220 2247 1279 2285 vel
1305 2252 1326 2285 8
1352 2248 1415 2285 litt
1440 2251 1479 2285 et
1496 2249 1538 2284 in

161 2295 413 2344 προστίθησιν
438 2295 521 2334 ἀλλ’
549 2308 634 2334 oon·
655 2297 714 2333 ιιι*

163 2488 211 2525 ef·
232 2444 288 2535 gg·
309 2455 380 2525 {5²21
390 2441 568 2490 ἀνεψιός]
595 2441 616 2479 ὂ
642 2442 706 2485 σὸς
729 2439 814 2484 υἱὸς
838 2440 1015 2488 δηλονότι
1039 2453 1216 2489 suprascr
1239 2441 1313 2479 Vo‘
1336 2442 1539 2490 (Titianus)
