1806 2964
725 215 965 253 EPISTULA
989 218 1061 252 390
1241 186 1243 188 μ
1484 214 1577 258 383

200 333 266 382 ξαι
289 331 451 386 φωνήν,
476 331 618 386 ἀφῆκα
642 332 821 385 πρώτην,
846 328 901 379 ὥς
925 328 1004 386 ἄρα
1022 329 1066 372 τὸ
1085 329 1293 371 κάλλιστον
1311 334 1391 370 τῶν
1410 327 1476 370 ἐπὶ
1498 334 1576 383 γῆς

199 396 471 452 ἀπελήλυθεν,
495 397 601 453 ἀνὴρ
632 396 957 453 σωφρονέστερος
987 395 1061 450 μὲν
1086 395 1274 450 Πηλέως,
1304 395 1504 449 θεοφιλὴς
1529 394 1573 437 δὲ

200 465 272 519 οὐχ
296 459 418 518 ἧττον
442 463 470 519 ἢ
495 457 731 518 Σοφοκλῆς,
757 464 889 513 δεινὸς
913 464 1053 515 εἰπεῖν,
1077 461 1253 516 ἀμείνων
1276 465 1428 516 κρῖναι,
1454 463 1574 515 φίλος

199 532 354 586 σαφής,
385 530 507 573 οὐδέν
536 547 575 573 τι
603 524 745 585 χείρων
774 530 940 572 ἐκείνων
969 534 1050 571 τῶν
1075 529 1370 584 Συρακουσίων
1400 525 1461 578 οἷς
1487 528 1573 571 ἐπί-

199 599 321 649 δειξις
356 596 509 653 ἐγένετο
547 603 619 640 τοῦ
656 597 886 652 πράγματος
922 596 966 639 ἐν
1003 602 1052 652 τῇ
1089 596 1312 637 Διονυσίου
1349 596 1571 647 τυραννίδι.
1610 609 1630 637 ε

202 668 270 708 10.
303 664 369 706 καὶ
395 671 520 706 ταῦτα
543 663 620 720 ἐγὼ
644 664 833 718 διῆλθον,
863 659 1083 719 Ἱερόκλεις,
1117 662 1316 718 δακρύων.
1365 662 1498 704 ἔπειτα
1531 662 1572 711 ἐξ

198 731 333 774 αὐτῶν
351 726 410 773 ὧν
428 730 626 785 ἐδάκρυον
637 730 906 785 ἐνεθυμήθην
918 747 1018 784 πως,
1031 730 1092 772 ὅτι
1109 729 1188 782 ἄρα
1207 730 1257 772 οὐ
1276 730 1349 786 χρὴ
1370 729 1571 784 δακρύειν.

198 798 242 841 τὸ
267 797 343 854 γὰρ
368 798 473 840 οὕτω
498 797 735 852 βεβιωκέναι
759 801 890 847 καλῶς
915 798 971 847 εἷς
996 796 1072 850 τὴν
1090 796 1276 850 τελευτὴν
1293 800 1570 852 παραμύθιον.

198 866 221 910 ὃ
256 866 329 921 μὲν
361 867 437 923 γὰρ
471 866 618 919 ἔπαθε,
648 864 803 907 κοινόν·
839 862 907 917 ἐφ’
936 860 997 915 οἷς
1031 862 1074 906 δὲ
1107 864 1336 914 ἐπαινεῖται,
1366 871 1491 906 ταῦτα
1521 864 1571 907 οὐ

197 934 326 976 κοινά,
379 937 448 975 11.
483 932 551 974 καὶ
585 932 637 986 δὴ
671 931 740 974 καὶ
774 930 816 973 σὲ
842 932 910 973 δεῖ
937 935 1088 986 μᾶλλον
1112 932 1274 986 χαίρειν,
1310 932 1369 973 ὅτι
1393 938 1576 973 τοιοῦτον
1597 946 1636 973 ιο

198 1001 445 1054 ἀδελφιδοῦν
469 999 631 1053 ἐκτήσω
651 998 719 1040 καὶ
749 999 947 1053 κηδεστὴν
970 997 998 1052 ἢ
1023 1000 1078 1056 τῷ
1110 999 1378 1052 συμβεβηκότι
1408 999 1571 1051 πλήττε-

198 1072 308 1110 σθαι.
340 1068 498 1121 λογίζου
525 1065 567 1108 δὲ
593 1066 653 1108 ὅτι
677 1070 788 1107 θεῶν
815 1063 889 1119 μὲν
913 1066 1054 1122 γνώμῃ
1078 1064 1210 1106 πάντα
1233 1065 1454 1119 πράττεται,
1478 1065 1571 1107 θεοὶ

198 1134 242 1176 δὲ
266 1133 337 1175 τὸν
362 1129 438 1175 ὧδε
463 1133 601 1188 ἔχοντα
626 1131 768 1187 ἀρετῆς
788 1131 863 1173 οὐκ
881 1129 933 1172 ἅν
951 1147 989 1172 τι
1007 1131 1134 1173 κακὸν
1153 1131 1292 1185 ἔδρων.
1328 1132 1476 1173 δίκαιοι
1494 1131 1570 1187 γὰρ

196 1201 265 1243 καὶ
296 1201 372 1242 οὐκ
397 1199 449 1241 ἂν
474 1198 522 1241 ὃν
546 1206 665 1252 τιμᾶν
690 1199 809 1253 ἐχρῆν
832 1198 1031 1248 ἐκόλαζον.
1086 1200 1153 1239 12.
1179 1197 1255 1240 οὐκ
1288 1197 1366 1253 ἄρα
1400 1199 1509 1248 ὅπως
1533 1215 1572 1240 τι

197 1267 332 1310 δεινὸν
356 1268 418 1320 εἴη
444 1266 676 1318 πεπονθώς,
701 1264 972 1319 ἀπέθνησκεν,
997 1260 1082 1306 ἀλλ’
1111 1264 1175 1306 ἐπὶ
1200 1269 1253 1321 τῷ
1274 1266 1455 1319 βελτίονι.
1501 1266 1569 1307 δο-
1589 1278 1628 1306 15

196 1341 314 1377 κοῦσι
336 1335 413 1390 γάρ
439 1349 508 1388 μοι
531 1333 766 1386 νομίσαντες
789 1331 860 1373 τὸν
884 1329 1014 1386 ἄνδρα
1032 1331 1193 1384 κρείττω
1213 1330 1284 1384 μὲν
1303 1330 1330 1385 ἢ
1351 1332 1569 1386 διατρίβειν

197 1401 241 1443 ἐν
258 1408 324 1459 γῇ,
343 1405 395 1458 τῷ
411 1399 454 1442 δὲ
473 1399 607 1441 αὑτῶν
625 1397 790 1454 πρέπειν
808 1402 911 1455 χορῷ
926 1401 1169 1452 μετενεγκεῖν
1188 1396 1354 1439 ἐνθένδε
1373 1398 1430 1447 εἰς
1449 1398 1568 1451 οὐρα-

197 1468 283 1511 νόν.
309 1468 438 1516 οὕτως
463 1465 587 1508 αὐτόν
607 1481 646 1507 τε
671 1464 714 1507 σὲ
740 1465 806 1506 δεῖ
819 1469 988 1520 φρονεῖν
1007 1464 1074 1506 καὶ
1093 1464 1167 1517 τὴν
1186 1463 1391 1519 θυγατέρα
1409 1466 1571 1506 πείθειν

270 1625 291 1657 2
318 1621 363 1657 cf.
389 1622 418 1657 t.
447 1619 535 1656 VIII
554 1622 715 1665 282.10;
741 1621 823 1659 405.
846 1622 909 1663 163
930 1628 988 1664 ep.
1011 1621 1093 1654 758.
1121 1616 1325 1653 Salzmann
1351 1621 1395 1653 16
1435 1616 1567 1658 ,3‚Vit.

197 1670 310 1716 Soph.
330 1682 366 1716 p.
391 1671 505 1713 129‚1
545 1668 604 1704 ed.
625 1667 744 1703 west.
794 1666 907 1703 Diod.
934 1665 1007 1703 Sic.
1034 1677 1113 1702 exo.
1141 1666 1188 1702 do
1219 1665 1302 1709 virt.
1334 1667 1373 1702 et
1397 1665 1463 1703 vit.
1485 1669 1568 1703 554.

194 1718 327 1755 Iambl.
347 1717 414 1754 vit.
434 1716 542 1763 Pyth.
566 1720 646 1753 12⁷.
667 1720 736 1752 234
751 1727 805 1761 sq.

270 1867 288 1899 1
316 1863 468 1909 πρώτην
495 1862 532 1898 V
551 1861 619 1897 sed
644 1871 664 1897 e
689 1865 841 1906 πρῶτον
866 1871 950 1896 corr
972 1859 1031 1895 m⁴
1073 1862 1095 1894 2
1123 1857 1160 1896 δ’
1192 1859 1228 1896 V
1248 1857 1315 1894 sed
1334 1856 1346 1870 '
1371 1869 1417 1893 ex
1442 1858 1459 1894 ὲ
1485 1868 1571 1894 corr

195 1911 264 1956 m⁵‚
283 1911 372 1949 SVi
463 1913 484 1946 8
510 1907 640 1954 κρίναι
668 1909 718 1946 Vo
809 1912 833 1943 4
858 1906 992 1955 χείρων
1020 1908 1053 1944 V
1076 1907 1143 1944 sed
1169 1919 1190 1944 e
1215 1912 1343 1953 χεῖρον
1368 1917 1450 1942 corr
1474 1906 1532 1942 111⁴

195 1956 494 2004 Συρρακουσίων
519 1958 549 1996 S
562 1957 662 1994 Vina
686 1957 731 1993 ef.
753 1967 800 2003 ep
833 1960 921 2001 8103
947 1958 974 1992 t.
996 1956 1106 1996 1121.
1124 1960 1143 1990 2
1225 1959 1246 1990 6
1271 1960 1392 1991 ταῦτα
1420 1955 1475 1990 Va
1500 1965 1540 1990 se

195 2007 258 2044 del
283 2009 323 2044 et
346 2012 466 2043 ταῦτα
501 2005 568 2053 μὲν
602 2005 643 2042 in
673 2016 783 2052 marg
812 2004 871 2041 m⁵
900 2002 1009 2040 ταῦτ’
1033 2004 1188 2041 ViVind
1231 2004 1237 2049 Ι
1286 2000 1404 2039 ἔπειτ’
1426 2003 1571 2040 SVind

193 2056 303 2093 Wolf
373 2059 393 2091 ’1
419 2061 500 2096 πῶς
527 2055 578 2091 Vo
652 2057 673 2089 9
698 2050 809 2090 ταῦτ’
831 2053 974 2090 SVind
1001 2052 1108 2091 Wolf
1125 2056 1130 2098 Ι
1153 2052 1195 2088 δὲ
1220 2053 1310 2098 post
1340 2057 1460 2087 ταῦτα
1489 2051 1525 2087 V

195 2109 240 2141 10
266 2103 324 2141 ὅτι
343 2125 389 2131 -
417 2107 461 2139 12
488 2102 530 2140 δὲ
556 2101 764 2149 praemisso
790 2101 965 2147 κείμενον
989 2101 1030 2137 in
1055 2112 1165 2147 marg
1188 2100 1292 2136 inser
1318 2099 1372 2136 V⁴
1436 2103 1479 2134 12
1505 2101 1567 2135 λο-

193 2151 297 2200 γίζου
322 2151 455 2197 repinx
475 2151 530 2189 V⁶
550 2153 556 2197 1
578 2154 672 2187 θεοῦ
698 2150 728 2188 S
753 2151 759 2196 Ι
786 2149 880 2192 θεὸς
898 2149 929 2186 S
1013 2153 1057 2185 13
1084 2150 1219 2195 ἀρετῆς
1243 2147 1385 2184 inserui
1410 2159 1431 2183 e
1456 2147 1566 2183 libris

236 2213 297 2238 om
324 2200 432 2237 Wolf
465 2202 471 2244 Ι
511 2198 670 2236 abactam
690 2199 726 2236 V
759 2200 766 2244 Ι
810 2198 902 2242 ἔδρα
926 2198 957 2235 S
993 2200 999 2242 1
1039 2195 1192 2234 δίκαιον
1221 2197 1273 2234 Vo
1299 2195 1365 2232 sed
1391 2209 1429 2232 οι
1453 2207 1569 2241 supra

194 2263 239 2286 ον
263 2249 332 2294 m⁴‚
365 2249 465 2286 Vind
490 2248 555 2284 sed
582 2262 604 2284 ν
629 2247 670 2283 in
690 2261 704 2283 ι
724 2258 818 2290 corr,
839 2246 948 2282 Wolf
962 2245 1057 2283 Ceut
1081 2244 1231 2286 δίκαιος
1250 2244 1280 2282 S
1328 2248 1371 2279 14
1392 2242 1567 2286 ἐκόλαζεν

193 2298 248 2344 Sl
269 2295 306 2334 τί
336 2297 562 2334 VaVoVind
597 2296 634 2332 τὶ
660 2296 708 2332 Vi
794 2299 838 2331 15
865 2294 1110 2340 ἀπέθνησκεν
1135 2292 1270 2340 scripsi
1301 2303 1322 2328 ο
1348 2292 1444 2328 VVa
1455 2292 1536 2329 VoS

699 2357 744 2390 γρ
759 2345 916 2380 δοκοῦσι
964 2341 1186 2389 νομίσαντες

193 2394 390 2431 ἀπέθανεν
417 2393 517 2429 Vina
539 2391 648 2428 Wolf
688 2395 694 2436 Ι
741 2394 850 2429 δοκεῖ
871 2391 902 2429 S
974 2395 1020 2427 16
1057 2388 1214 2436 νομίσας
1257 2388 1285 2425 S
1370 2392 1413 2424 1⁷
1441 2389 1570 2425 αὐτῶν

199 2443 357 2479 VVaVo
367 2442 412 2478 Vi
422 2441 520 2478 Vina
543 2440 610 2476 eod
635 2440 675 2476 in
701 2438 798 2476 hoc’
821 2437 885 2476 in‘
912 2451 1006 2485 corr,
1031 2438 1140 2475 Wolf
1160 2438 1208 2474 ed
1232 2434 1328 2475 θείω
1354 2436 1384 2474 S
1416 2436 1421 2485 Ι
1449 2442 1570 2485 χορῶι

200 2492 235 2528 V
257 2491 323 2527 sed
350 2502 370 2526 ο
406 2490 530 2537 χώρωι
554 2500 636 2526 corr
659 2489 717 2525 m⁶
