1806 2964
268 223 290 263 7
300 222 352 263 18
851 219 1032 255 LIBANII

265 334 353 385 ἥκει
378 333 421 374 τὸ
447 339 517 373 τοῦ
542 339 780 386 κρατοῦντος
806 331 941 384 ὄνομα.
987 335 1025 372 5.
1052 331 1101 372 οὐ
1134 331 1214 383 μὴν
1239 328 1340 383 ἀλλ’,
1372 332 1408 371 εἰ
1430 331 1496 372 καὶ
1523 331 1625 382 σφό-

259 388 341 452 Ιδρα
365 414 424 446 τις
449 393 501 451 ἧν
526 404 604 438 τῶν
629 413 670 451 γε
697 397 886 438 τοιούτων
910 396 1081 450 ἐξουσία,
1106 402 1184 436 τῶν
1209 397 1441 450 φευγόντων
1466 396 1517 437 ἂν
1541 397 1624 451 ἐγε-

266 463 397 516 νόμην
422 463 491 504 τὸν
516 462 636 517 ὄγκον
661 462 790 516 ὥσπερ
815 478 852 502 τι
877 463 1043 516 φορτίον
1063 461 1112 503 οὐ
1132 462 1322 516 φορητόν.
1358 463 1555 511 πιστεύοις
1581 459 1622 503 δ’

265 528 316 569 ἅν
356 544 423 581 μοι
454 529 639 580 δικαίως,
670 528 706 568 εἰ
731 527 784 580 μὴ
818 528 911 581 ὅπερ
942 527 1046 583 αἰτιᾷ
1078 527 1286 575 πέπονθας
1310 526 1377 568 καὶ
1400 526 1628 580 ἕπιλέλησαί

228 610 244 635 ⁵
266 611 343 646 μου
368 601 439 635 τοῦ
464 594 623 649 τρόπου.
670 597 708 634 6.
733 592 800 634 καὶ
826 592 906 645 μὴν
929 592 1088 633 κάκεῖνό
1113 608 1156 646 γε
1175 591 1326 633 ἄτοπον
1345 591 1533 646 εὔχεσθαι
1552 592 1625 644 μὲν

267 662 339 713 ζῆν
370 659 413 700 ἕν
443 664 525 708 τοῖς
556 660 691 708 αὐτοῖς
721 659 935 713 πράγμασι,
965 658 1084 699 καινὰ
1110 657 1152 699 δὲ
1176 663 1304 699 ποιεῖν
1327 658 1395 699 καὶ
1420 655 1485 699 οἷα
1510 657 1624 699 οὔπω

266 725 469 780 πρότερον.
513 724 748 778 ἀνάμνησον
772 724 846 778 γάρ
866 739 926 777 με,
950 724 990 764 τί
1007 736 1080 764 σου
1099 724 1258 778 γράμμα
1282 724 1359 778 πρὸ
1390 725 1505 765 τοῦδε
1523 724 1625 778 πρὸς

269 789 373 843 ἡμᾶς
397 786 494 844 ἧκεν
518 791 574 839 εἰς
599 790 772 844 Συρίαν,
796 785 880 830 ἀλλ’
910 789 984 830 οὐκ
1010 788 1061 829 ἂν
1086 788 1198 842 ἔχοις.
1237 789 1387 830 οὐκοῦν
1412 788 1541 843 ἕτερος
1559 789 1622 844 γε’-

265 872 387 910 γονας
410 856 477 897 καὶ
502 856 622 896 αἰτῶν
647 854 754 908 παρὰ
778 861 858 895 τῶν
882 858 991 895 θεῶν
1016 853 1037 894 ὁ
1062 854 1182 903 αὐτὸς
1205 851 1307 896 εἶναι
1331 853 1482 907 τέμνεις
1499 854 1626 908 ἄλλην

211 937 246 963 10
266 921 363 963 ὁδὸν
396 921 498 963 ἑκὼν
531 920 633 974 ἡδίω
668 920 739 973 μὲν
773 920 874 973 ἐμοί,
904 924 989 968 ταῖς
1027 919 1070 960 δὲ
1102 923 1190 968 σαῖς
1220 920 1352 973 εὐχαῖς
1384 919 1623 974 μαχομένην.

268 990 304 1027 7.
331 986 429 1027 ἀλλὰ
453 987 602 1040 ταύτην
627 985 698 1039 μὲν
725 985 797 1026 ἰὼν
821 984 887 1025 καὶ
911 986 1078 1039 γράφων
1105 985 1158 1037 μὴ
1189 986 1377 1037 παύσαιο,
1401 987 1625 1040 βουλοίμην

266 1049 303 1092 δ’
332 1050 385 1092 ἅν
409 1064 451 1092 σε
475 1051 543 1092 καὶ
567 1050 656 1106 περὶ
680 1049 795 1104 ἡμῶν
819 1049 1103 1106 ἐπιεικεστέραν
1130 1053 1257 1103 ζητεῖν
1282 1052 1412 1091 αἰτίαν
1437 1052 1504 1092 κάὶ
1529 1053 1624 1093 ὅταν

264 1118 474 1171 γράμματα
505 1116 559 1169 μὴ
590 1117 735 1172 λάβῃς,
768 1119 916 1168 μᾶλλον
946 1119 1028 1164 τοῖς
1062 1115 1263 1164 διακόνοις
1295 1115 1348 1165 ὡς
1384 1115 1625 1170 ἠμεληκόσιν
1655 1158 1658 1161 ,

266 1182 445 1237 ἐγκαλεῖν
483 1181 510 1236 ἢ
547 1182 617 1222 τὸν
653 1182 772 1234 φίλον
803 1182 977 1234 νομίζειν
1014 1181 1140 1230 εὐθὺς
1170 1180 1375 1235 γεγονέναι
1406 1183 1542 1235 κακόν,
1579 1181 1626 1231 ὃς

214 1262 248 1290 1⁶
267 1248 474 1302 ἐβουλήθη
506 1247 578 1301 μὲν
609 1247 671 1288 σοὶ
702 1247 775 1299 τὴν
808 1247 1027 1299 ἱερωσύνην
1062 1246 1262 1300 γενέσθαι,
1294 1253 1363 1287 τοῦ
1389 1247 1625 1299 φθάσαντος

268 1313 310 1355 δὲ
336 1312 494 1367 ἡττήθη
519 1310 626 1354 τοῦτ’
655 1313 753 1354 αὐτὸ
779 1313 935 1353 δίκαιον
961 1312 1116 1365 ἔχοντος
1140 1312 1183 1353 τὸ
1207 1312 1503 1366 προειληφέναι.

197 1476 247 1511 w
267 1479 335 1512 708
884 1465 995 1522 won'.

717 1553 774 1593 Θε
783 1568 803 1593 o
813 1553 837 1593 ὃ
844 1553 874 1592 ώ
883 1568 956 1608 ρῳ.
1007 1559 1175 1605 (362163)

331 1639 368 1676 1.
401 1638 458 1691 Τῇ
497 1635 568 1688 μὲν
606 1635 743 1692 μνήμῃ
774 1636 981 1688 τετίμηκάς
1018 1650 1081 1688 με,
1110 1642 1181 1688 τῆς
1214 1634 1256 1676 δὲ
1286 1641 1365 1675 τῶν
1399 1633 1626 1687 ὀφθαλμῶν

213 1715 249 1742 20
267 1699 478 1750 ἀσθενείας
510 1700 558 1741 οὐ
590 1701 693 1752 μάλα
723 1699 928 1754 ἐστοχάσω.
978 1700 1142 1755 ἔρρωται
1180 1699 1251 1753 μὲν
1284 1699 1358 1754 γὰρ
1400 1698 1519 1740 οὐδέν
1556 1714 1625 1752 μοι

340 1807 382 1839 17
417 1804 484 1839 Vn
506 1800 552 1850 β’,
578 1802 676 1850 (ηδ’.
708 1804 765 1840 Va
789 1803 831 1847 ζ’,
851 1802 942 1848 ρπεῖ
978 1803 1030 1840 Vo
1049 1804 1120 1848 (ζ’),
1141 1802 1233 1847 με’.
1255 1803 1341 1839 Μο.
1356 1802 1385 1838 S
1408 1801 1449 1847 ε’,
1468 1801 1533 1838 κε’.
1547 1802 1625 1839 Ath

340 1902 384 1934 18
410 1898 527 1935 Seeck
553 1902 633 1934 307.
654 1902 723 1934 396

340 1997 361 2028 2
387 1993 445 2035 τίς
470 1994 541 2030 VI'
539 1994 608 2030 ind
643 1994 700 2034 τὶς
725 1994 772 2030 Vi
804 1995 810 2040 Ι
843 2005 884 2039 γε
907 1999 983 2029 τῶν
1008 1993 1084 2030 Ath
1125 1993 1132 2039 Ι
1171 1993 1212 2029 ἐν
1238 1994 1328 2028 ante
1353 1990 1502 2035 ἐξουσία
1525 1992 1555 2029 S

269 2045 290 2076 3
315 2041 502 2083 πιστεύεις
528 2042 574 2077 Vi
645 2045 667 2076 4
693 2040 756 2086 ἐμὲ
783 2044 871 2076 anto
897 2041 999 2090 αἰτιᾷ
1024 2041 1126 2076 inser
1149 2039 1204 2076 Re
1226 2041 1231 2085 Ι
1253 2040 1452 2081 πέπονθας
1480 2041 1533 2076 Vo
1558 2039 1623 2075 sed

269 2102 288 2130 ς
313 2088 388 2124 add
413 2088 470 2123 m‘
544 2093 611 2134 ‘ly
589 2088 660 2134 γὰρ
686 2088 736 2134 μή
762 2089 835 2124 edd
861 2089 927 2124 sed
953 2099 1036 2124 corr
1059 2087 1167 2123 Wolf
1192 2087 1279 2123 Add
1304 2091 1374 2123 863
1402 2086 1465 2133 Ιτί
1490 2086 1624 2132 scripsi

268 2147 289 2171 ο
315 2136 405 2173 Vos
417 2136 702 2173 ViVindDAth
737 2149 773 2171 τι
799 2137 972 2173 VVaMo
1003 2135 1076 2171 edd
1134 2137 1140 2182 1
1197 2133 1270 2191 πρὸ
1294 2136 1406 2171 τοῦδε
1437 2145 1499 2170 om
1525 2134 1625 2170 Vina

269 2183 369 2219 Benz
441 2187 464 2219 8
489 2189 560 2220 νῦν
584 2182 746 2229 γράψας,
772 2183 821 2229 μὴ
847 2183 1004 2229 γράφων
1026 2182 1210 2227 πρότερον
1234 2183 1275 2218 in
1298 2194 1407 2229 marg
1433 2182 1514 2227 Vo‘,
1536 2184 1624 2227 poet

266 2231 408 2268 οὐκοῦν
432 2230 532 2267 inser
549 2230 655 2267 Wolf
687 2231 809 2267 delevi
869 2234 891 2266 9
914 2236 982 2268 τοῦ
1005 2232 1103 2267 θεοῦ
1127 2229 1157 2266 S
1174 2233 1180 2276 Ι
1202 2230 1223 2266 ὁ
1248 2241 1308 2266 om
1326 2195 1407 2266 Vig
1427 2232 1511 2275 inq.
1531 2228 1625 2265 ὁδὸν

266 2279 358 2325 ἄλλη
361 2293 383 2315 ν
409 2279 455 2315 Vi
511 2283 553 2314 11
574 2284 693 2314 ταῦτα
707 2278 776 2315 Mo
838 2283 882 2314 12
902 2289 941 2315 σε
960 2289 1021 2314 om
1040 2277 1140 2313 Benz
1161 2279 1167 2326 Ι
1190 2277 1250 2314 ὅτε
1274 2277 1373 2312 Benz
1432 2280 1476 2312 13
1476 2241 1626 2324 ᾳλᾶβοις

275 2327 406 2362 VaAth
439 2330 445 2372 Ι
479 2324 674 2367 διακόνοις
704 2326 838 2371 scripsi
876 2337 896 2362 e
923 2325 1160 2363 VVaSViD
1207 2327 1448 2362 διακονοῦσιν
1474 2325 1527 2361 Vo
1558 2324 1623 2359 sed

339 2426 383 2457 12
408 2422 472 2457 καὶ
481 2422 546 2469 (1)]
567 2420 688 2467 ωσπερ
707 2421 813 2468 ἡμεῖς
829 2421 915 2466 περὶ
934 2426 1001 2457 σοῦ
1021 2420 1137 2456 αὐτοῦ
1156 2418 1338 2465 πρόσθεν,
1364 2417 1423 2455 ὅτε
1442 2418 1491 2465 μὴ
1517 2419 1623 2464 ἔγρα-

266 2481 336 2515 φες
360 2468 400 2504 in
424 2480 533 2515 mnu-g
558 2468 629 2506 Vo⁶
