1806 2964
263 227 350 271 '140
844 225 1025 262 LIBAMI

260 345 429 392 πρῶτον.
470 337 538 379 καὶ
562 337 637 392 γὰρ
667 338 704 378 εἰ
726 336 928 390 διέστηκεν
959 336 1072 390 ἡμῶν
1102 343 1149 393 τῇ
1180 337 1270 391 περὶ
1294 338 1336 379 τὸ
1361 342 1479 379 θεῖον
1504 340 1616 396 δόξῃ,

262 405 429 457 βλάπτοι
453 402 525 457 μὲν
552 401 603 443 ἂν
628 402 764 456 αὑτόν,
794 402 903 456 εἴπερ
934 401 1184 456 ἐξηπάτηται,
1214 402 1323 457 παρὰ
1347 401 1390 444 δὲ
1415 409 1495 444 τῶν
1519 416 1616 445 συν-

263 470 383 522 ήθων
408 469 484 511 οὐκ
508 467 559 509 ἂν
584 468 743 517 εἰκότως
762 471 984 520 πολεμοῖτο.
1023 470 1062 509 3.
1080 466 1222 520 ἠξίουν
1241 466 1285 509 δὲ
1302 468 1421 522 ἔγωγε
1439 467 1507 509 καὶ
1523 469 1617 518 τοὺς

264 542 341 576 νῦν
365 533 615 590 ἐγκειμένους
638 534 745 590 αὐτῷ
767 537 996 586 μεμνῆσθαι
1020 528 1077 573 ὧν
1101 533 1237 581 αὐτοῖς
1254 532 1455 587 ἐβοήθησε
1472 536 1616 574 πολλοὶ·

225 617 242 643 5
263 616 325 650 κις
354 599 421 641 καὶ
452 602 600 653 μᾶλλον
630 598 854 639 ἀποδοῦναι
883 599 997 652 χάριν
1027 596 1054 651 ἢ
1086 600 1214 651 ζητεῖν
1243 599 1455 652 κατορύξαι
1491 600 1617 648 ζῶντα

261 667 330 708 τὸν
352 664 576 720 εὐεργέτην·
602 659 651 705 οὗ
676 663 750 717 τὴν
774 662 1006 718 συγγένειαν
1025 663 1256 712 ἐλαύνοντες
1279 664 1400 704 πάλαι
1424 662 1491 704 καὶ
1516 667 1616 704 Μυ-

262 738 344 773 σῶν
368 732 477 771 λείαν
501 728 761 783 πεποιημένοι
791 727 984 770 τάκείνων
1013 731 1262 777 τελευτῶντες
1292 729 1460 782 ἥκουσιν
1483 728 1548 770 ἐπὶ
1571 729 1616 770 τὸ

260 798 376 838 τοῦδε
410 802 523 849 σῶμα
558 793 612 845 ὣς
644 795 766 851 ταύτῃ
799 809 843 848 γε
875 795 1128 848 χαριούμενοι
1160 798 1243 843 τοῖς
1275 797 1402 847 θεοῖς,
1435 797 1617 835 πλεῖστον

263 861 471 916 ἀπέχοντες
495 867 566 902 τοῦ
590 860 680 912 περὶ
703 859 774 908 τὰς
797 866 877 900 τῶν
901 863 1011 900 θεῶν
1029 858 1143 912 τιμὰς
1161 859 1300 912 νόμου.
1345 861 1383 899 4.
1409 858 1506 900 ἀλλὰ
1523 858 1617 908 τοὺς

208 943 244 969 ιο
264 927 335 980 μὲν
365 926 537 976 πολλοὺς
568 925 687 967 οὐδὲν
722 924 958 977 θαυμαστὸν
989 923 1086 965 ἄνευ
1117 928 1306 978 λογισμοῦ
1332 923 1526 978 φέρεσθαι
1550 923 1618 964 καὶ

261 997 391 1034 ποιεῖν
416 991 504 1032 ἀντὶ
530 997 608 1032 τῶν
632 993 765 1031 καλῶν
797 989 844 1030 τὰ
869 988 986 1043 ἡδέα·
1016 989 1057 1030 σὲ
1089 988 1131 1030 δὲ
1162 989 1231 1031 τὸν
1255 989 1334 1031 ἀπὸ
1358 995 1430 1030 τοῦ
1453 990 1617 1031 παιδεύ-

264 1073 378 1106 οντος
402 1057 558 1110 θρόνου
588 1056 688 1110 πρὸς
719 1055 788 1097 τὸν
812 1055 960 1107 ψήφου
991 1056 1132 1108 κύριον
1157 1055 1304 1107 ἥκοντα
1328 1048 1502 1108 κατέχειν
1524 1054 1618 1103 τοὺς

262 1123 467 1171 τοιούτους
497 1122 602 1170 εἰκὸς
634 1121 701 1162 καὶ
730 1122 888 1161 πείθειν
919 1119 945 1173 ἢ
977 1120 1076 1178 ἔργῳ
1101 1121 1278 1161 κωλύειν.
1325 1123 1361 1161 5,
1388 1121 1423 1160 εἰ
1447 1119 1518 1173 μὲν
1543 1115 1618 1161 οὖν
1651 1149 1653 1151 -

264 1188 339 1242 ἔχει
363 1188 541 1242 χρήματα
566 1193 645 1227 τῶν
670 1187 787 1241 ἱερῶν
808 1183 955 1240 Ὠρίων
979 1185 1043 1226 καὶ
1070 1183 1223 1227 δύναιτ’
1252 1184 1302 1225 ἂν
1326 1184 1486 1238 ἐκτῖσαι,
1528 1200 1616 1225 παι-

209 1271 244 1297 15
266 1253 388 1305 ἔσθω,
413 1254 640 1304 κεντείσθω,
670 1251 719 1292 τὰ
751 1258 822 1292 τοῦ
847 1252 1050 1305 Μαρσύου
1081 1249 1270 1304 πασχέτω,
1295 1251 1448 1300 δίκαιος
1471 1250 1560 1305 γάρ,
1584 1251 1621 1291 εἰ

338 1389 421 1431 qu.
448 1385 648 1421 Sulzmann
673 1389 730 1421 41.
757 1385 805 1422 cf.
824 1396 883 1430 ep.
911 1388 979 1420 763
1066 1388 1172 1429 unq.
1198 1383 1313 1420 Thuc.
1333 1383 1382 1418 IV
1401 1387 1444 1419 47

337 1527 355 1559 1
381 1529 448 1559 τοῦ
473 1521 588 1558 θείου
615 1522 744 1558 VaAth
771 1522 838 1558 sed
863 1521 903 1558 iu
933 1521 1005 1557 hoo
1034 1534 1078 1567 γρ
1109 1520 1151 1557 τὸ
1185 1523 1295 1557 θετον
1325 1525 1365 1556 in
1397 1531 1503 1567 marg
1527 1511 1584 1556 m⁴²
1608 1520 1616 1570 Ι

262 1568 358 1614 δόξα
386 1571 453 1607 Mo
477 1569 586 1606 Wolf
685 1573 706 1604 2
731 1568 875 1616 β’άπτη
905 1567 975 1615 μὲν
1002 1569 1048 1605 Vs·
1103 1568 1327 1616 βλάπτοιμεν
1359 1569 1406 1604 Vo
1502 1567 1620 1604 αὑτὸν

272 1606 380 1656 Von‘
462 1621 483 1653 4
509 1617 653 1664 αὐτοῖς]
685 1618 799 1659 αὐτὸς
825 1617 870 1653 Vi
966 1621 986 1652 6
1018 1615 1136 1652 πάλαι
1167 1616 1197 1653 S
1223 1615 1290 1651 sed
1323 1629 1363 1651 αι
1394 1615 1440 1651 de
1500 1617 1506 1661 Ι
1551 1614 1620 1661 τὴν

263 1668 351 1702 ante
373 1667 519 1702 Μυσῶν
540 1665 920 1702 VMoSViVindAth
950 1663 1017 1700 sed
1041 1663 1080 1700 in
1105 1663 1177 1700 hoc
1201 1677 1245 1709 γρ
1271 1663 1335 1698 καὶ
1359 1668 1486 1708 μυσῶν
1516 1661 1620 1699 λείαν

262 1712 455 1750 τάκείνου·
472 1712 717 1759 πεποιημένοι
751 1714 790 1748 in
827 1723 934 1758 marg
967 1711 1034 1755 m',
1063 1721 1127 1746 ras
1158 1715 1179 1747 2
1225 1710 1289 1746 litt
1320 1711 1372 1747 Vo
1407 1716 1481 1746 τῶν
1514 1709 1624 1746 Wolf

289 1760 411 1797 delevi
456 1763 461 1807 Ι
506 1767 657 1807 μουσῶν
684 1761 777 1797 VVa
807 1759 874 1796 sod
898 1760 938 1795 in
968 1760 1128 1804 utroque
1159 1772 1179 1794 ο
1207 1769 1289 1794 erae
1363 1762 1382 1794 7
1408 1756 1455 1793 τὰ
1487 1756 1621 1794 κείνων

273 1808 367 1846 VVa
388 1808 494 1844 Wolf
532 1808 580 1844 τὰ
605 1806 758 1845 ’κείνων
790 1807 889 1844 Vind
925 1804 1100 1843 τάκείνου
1123 1807 1164 1842 D
1195 1807 1233 1842 et
1261 1819 1306 1851 γρ
1336 1805 1378 1841 in
1407 1815 1515 1851 marg
1545 1805 1622 1841 Ath

313 1860 334 1891 9
359 1862 426 1892 τοῦ
457 1856 541 1902 περὶ
570 1855 638 1898 τὰς
667 1858 741 1892 τῶν
771 1858 876 1891 θεῶν
908 1853 1017 1900 τιμὰς
1049 1852 1167 1899 νόμου
1197 1853 1330 1898 ιοτὶρεί
1354 1863 1375 1889 e
1401 1853 1437 1889 V
1462 1852 1530 1889 aed
1562 1851 1620 1889 νέ-

262 1916 348 1949 μειν
373 1914 487 1950 supra.
511 1901 629 1950 νόμου
653 1904 721 1949 m‘,
746 1903 823 1940 Ath
853 1902 918 1938 sed
943 1902 1128 1947 γράφεται
1158 1905 1224 1937 τοῦ
1255 1905 1478 1945 παραταῦτα
1507 1905 1620 1946 τιμᾶν

264 1952 354 1994 τοὺς
377 1952 494 1994 θεοὺς
523 1951 563 1987 ἰιι
596 1961 705 1997 marg
738 1956 804 1986 τοῦ
842 1949 929 1994 περὶ
958 1948 1026 1990 τὰς
1056 1955 1130 1984 τῶν
1154 1951 1259 1984 θεῶν
1281 1947 1390 1994 τιμὰς
1413 1946 1540 1992 νέμειν
1567 1947 1622 1984 Va

277 2000 326 2035 Vo
356 2004 422 2035 τοῦ
456 1998 561 2043 παρὰ
593 2003 712 2034 ταῦτα
744 2003 857 2043 τιμᾶν
889 2002 978 2038 τοῦς
1001 1997 1117 2038 θεοὺς
1141 1995 1170 2033 S
1202 1995 1269 2031 sed
1301 2001 1368 2032 τοῦ
1401 2000 1485 2036 ταῖς
1517 1997 1621 2031 θεῶν

263 2052 389 2092 τιμαῖς
416 2045 648 2092 παραμένειν
680 2045 719 2081 in
754 2056 836 2081 mar
871 2072 881 2088 ,
915 2045 960 2080 Vi
994 2049 1061 2080 τοῦ
1094 2049 1177 2085 ταῖς
1205 2048 1280 2079 τῶν
1304 2045 1380 2089 (om
1410 2043 1479 2078 Mo
1503 2041 1622 2088 Wolf)

263 2096 371 2130 θεῶν
413 2099 539 2139 τιμαῖς
575 2091 805 2139 παραμένειν
885 2103 906 2129 ο
946 2091 1012 2127 aod
1049 2090 1234 2138 γράφεται
1274 2091 1338 2126 καὶ
1377 2089 1510 2131 οὕτως·
1552 2094 1621 2126 τοῦ

264 2147 351 2183 ταῖς
389 2147 463 2178 τῶν
501 2144 609 2177 θεῶν
652 2146 778 2186 τιμαῖς
820 2139 1050 2185 παραμένειν
1089 2138 1129 2174 in
1168 2149 1292 2184 marg,
1335 2138 1480 2174 VindD
1519 2136 1628 2172 Wolf

262 2189 504 2235 παραμύνειν
535 2200 608 2235 pro
646 2186 879 2234 παραμένειν
909 2187 965 2223 Re
1002 2197 1070 2232 arg
1100 2198 1136 2232 p.
1165 2191 1208 2221 14
1241 2190 1308 2222 aut
1339 2197 1357 2222 e
1388 2185 1476 2231 Req.
1511 2185 1619 2220 Max.

264 2242 334 2273 τοῦ
359 2235 532 2281 περιττὰς
555 2239 606 2284 τῷ
631 2239 712 2285 θεῷ
736 2235 846 2282 τιμὰς
869 2233 995 2280 νέμειν
1019 2238 1086 2270 aut
1111 2245 1129 2270 e
1154 2234 1256 2270 Med.
1283 2234 1398 2269 Benz.
1424 2236 1491 2267 τοῦ
1515 2231 1622 2275 παρὰ

264 2289 386 2320 ταῦτα
409 2289 522 2331 τιμᾶν
546 2284 634 2326 τοὺς
658 2284 776 2324 θεοὺς
808 2282 863 2318 Re
939 2285 982 2317 12
1009 2282 1112 2328 ὑψοῦ
1141 2281 1175 2317 V
1196 2281 1321 2326 ψήκου
1348 2281 1404 2316 Va
1415 2279 1466 2316 Vo
1490 2278 1556 2315 sed
1580 2278 1619 2314 in

264 2331 338 2367 hoo
362 2345 385 2368 κ
410 2331 448 2367 in
475 2345 503 2377 φ
529 2342 612 2367 corr
636 2331 693 2366 m'
712 2333 719 2377 Ι
740 2329 885 2377 ἐπέχειν
909 2329 997 2366 SV&
1064 2332 1108 2364 14
1133 2327 1255 2373 ὡρίων
1284 2327 1431 2364 VaVoS
1443 2326 1612 2374 ViVindl

264 2377 409 2415 ἐκτίσαι
434 2378 523 2415 libri
546 2377 663 2424 Wolf,
688 2379 845 2414 fortasse
870 2378 970 2414 recte
996 2376 1042 2411 cf.
1067 2375 1116 2412 ad
1141 2386 1199 2421 ep.
1226 2378 1305 2411 732.
1329 2378 1420 2410 1310
1470 2378 1514 2410 15
1539 2386 1623 2410 κεν-

663 2440 687 2462 α
711 2426 803 2462 σύου

265 2472 399 2509 woicam
426 2474 477 2510 Vo
488 2475 555 2511 Mo
578 2439 755 2519 ἴῖιὲρεου
773 2472 803 2510 S
821 2472 827 2519 Ι
848 2470 1065 2518 παρασχέτω
1086 2469 1193 2506 Wolf
1210 2471 1216 2515 Ι
1237 2468 1388 2506 δίκαιον
1408 2467 1515 2503 Wolf
1530 2467 1624 2504 eant
