1806 2964
288 207 376 249 254
883 203 1068 240 LIBANII

286 323 408 359 θειαν
440 323 510 358 τοῦ
542 332 579 357 τι
610 320 847 370 παραλιπεῖν
878 314 1078 370 ἡγήσαντο
1112 316 1273 356 κάλλιον
1304 315 1371 356 καὶ
1401 316 1509 365 ὅπως
1539 317 1586 356 τά
1617 331 1656 357 τε

286 384 495 438 γράμματα
513 383 620 424 ἕσται
638 381 959 436 προύνοήθησαν
979 380 1046 422 καὶ
1063 380 1231 434 πέμπειν
1249 380 1443 434 ἐκέλευον,
1462 381 1559 423 ὥστε
1577 381 1655 422 οὐκ

288 444 340 502 ἦν
365 448 561 489 ἀπειθεῖν.
596 451 634 488 2.
660 443 744 487 ἀλλ’
768 447 888 499 ὅμως,
914 445 968 499 ἥν
991 462 1027 487 τι
1051 446 1150 487 κατὰ
1168 453 1270 487 νοῦν
1289 444 1386 500 ἡμῖν
1406 446 1562 488 ἐκεῖθεν
1580 463 1655 501 χω-

287 522 360 571 ρῇ,
386 514 456 556 τὸν
479 519 551 554 τοῦ
576 513 724 562 παντὸς
749 513 824 554 οὐκ
848 511 1099 567 ἀγνοήσομεν
1123 512 1264 566 κύριον
1284 508 1372 553 οὐδ’
1396 512 1456 553 ὅτι
1473 515 1556 562 τοῖς
1574 527 1655 554 τοι-.-

253 595 269 621 5
291 580 423 628 ούτοις
448 579 675 634 γράμμασιν
701 578 779 619 ἀπὸ
804 585 875 631 τῆς
900 577 1088 632 ὑμετέρας
1112 579 1260 630 ψήφου
1285 578 1327 619 τὸ
1353 581 1510 631 κρατεῖν
1534 575 1562 631 ἢ
1588 578 1656 631 μή.

215 734 263 771 W
291 740 359 772 269
926 723 1020 776 σξς’.

750 813 1047 867 Πρισκιανῷ.
1085 822 1191 864 (361)

351 899 387 937 1.
417 899 497 936 Τοῦ
522 895 596 948 τὴν
614 894 825 947 ἐπιστολὴν
845 894 1038 949 φέροντος
1062 894 1150 943 υἱὸς
1169 899 1289 950 φοιτᾷ
1311 889 1405 948 παρ’
1428 892 1544 947 ἡμᾶς.
1570 893 1655 935 ἐπι-

287 965 480 1015 μελοῦμαι
524 955 599 1002 οὖν
642 967 712 1002 τοῦ
763 959 856 1013 μέν,
901 959 954 1009 ὥς
1000 960 1106 1009 εἰκὸς
1149 964 1361 1013 μαθητοῦ,
1399 965 1471 1000 τοῦ
1515 957 1558 1000 δὲ
1602 957 1657 1008 ὡς

233 1042 269 1068 ιο
286 1027 436 1081 πατρὸς
460 1030 661 1079 μαθητοῦ,
685 1030 738 1082 τῷ
764 1025 836 1079 μὲν
862 1021 918 1067 ὧν
943 1026 1016 1080 ἔχω
1041 1026 1170 1080 λόγων
1190 1025 1343 1078 διδούς,
1367 1028 1420 1082 τῷ
1447 1023 1490 1066 δὲ
1514 1024 1558 1066 τὸ
1583 1024 1656 1067 σὸν

288 1092 460 1146 εὐμενές.
499 1094 538 1132 2.
563 1089 641 1133 ἀλλ’
670 1092 776 1133 ἔστιν
801 1091 908 1148 αὐτῷ
928 1091 995 1132 καὶ
1021 1090 1206 1144 ἀδελφός,
1231 1089 1279 1132 ὃν
1305 1088 1417 1131 οὔπω
1442 1088 1513 1143 μὲν
1533 1085 1657 1140 εἶδον,

288 1157 343 1208 ὣς
368 1157 411 1199 δὲ
437 1157 612 1209 ἀδελφὸν
637 1158 753 1199 τοῦδε
778 1158 1001 1211 βουλοίμην
1026 1155 1077 1197 ἂν
1102 1151 1147 1197 εὖ
1173 1160 1332 1197 παθεῖν.
1441 1160 1446 1165 ’

216 1321 265 1357 W
291 1325 362 1358 270
933 1311 1022 1362 ⁶5(-

781 1393 1014 1454 Έκδικίῳ.
1053 1407 1160 1450 (360)

235 1499 269 1527 15
353 1485 390 1521 1.
429 1477 524 1522 Οὔτ’
554 1479 779 1535 ἀγνοοῦμέν
812 1493 885 1522 σου
923 1480 997 1533 τὴν
1032 1480 1197 1534 γνώμην
1234 1477 1287 1531 ἣν
1324 1479 1423 1532 ἔχων
1454 1479 1658 1533 τυγχάνεις

287 1546 378 1601 περὶ
402 1547 476 1599 τὴν
501 1545 628 1601 ἀρχὴν
653 1547 799 1595 εἰδότες
824 1561 863 1587 τε
895 1546 991 1600 ὅπερ
1024 1545 1129 1594 εἰκὸς
1161 1546 1305 1597 φίλους
1330 1543 1394 1585 ἐπὶ
1419 1547 1501 1593 τοῖς
1525 1544 1656 1585 τοιού-

287 1628 370 1661 τοις
405 1619 611 1665 ποιοῦμεν.
661 1613 840 1669 Μαξίμῳ
873 1611 916 1653 δὲ
942 1612 1167 1667 συγχαίρων
1197 1617 1268 1664 τῆς
1297 1609 1406 1663 παρὰ
1437 1616 1511 1651 σοῦ
1542 1616 1658 1663 τιμῆς

288 1677 452 1727 ἐλπίδας
476 1678 548 1732 ἔχω
575 1677 642 1719 καὶ
666 1678 737 1720 τὸν
761 1678 852 1719 υἱὸν
872 1678 941 1720 τὸν
960 1677 1115 1719 ἐκείνου
1135 1677 1346 1726 τεύξεσθαί
1361 1691 1469 1724 τινος
1487 1675 1657 1725 εὐνοίας.

290 1746 328 1784 2.
356 1741 405 1785 ὃν
428 1744 654 1798 ἐβουλόμην
680 1743 753 1797 μὲν
778 1743 848 1784 ἕνα
873 1750 953 1784 τῶν
978 1743 1085 1798 παρὰ
1111 1741 1435 1797 σοὶ’συνηγόρων
1463 1737 1566 1782 εἶναι
1589 1740 1658 1782 καὶ

236 1828 272 1855 20
290 1810 479 1858 πολλάκις
503 1825 546 1863 γε
571 1811 670 1863 πρὸς
694 1809 764 1850 τὸν
783 1805 1007 1863 Ὑπερέχιον
1039 1807 1212 1867 ἐπῄνεσα
1242 1808 1336 1857 τούς
1359 1823 1399 1848 τε
1423 1807 1512 1861 περὶ
1535 1813 1658 1848 ταῦτα

287 1876 440 1924 πόνους
464 1876 507 1917 τό
533 1891 572 1916 τε
597 1874 675 1916 ἀπὸ
700 1882 780 1916 τῶν
798 1875 936 1917 πόνων
956 1874 1098 1928 ὄνομα,
1123 1874 1326 1928 βλέψαντα
1346 1872 1387 1914 δὲ
1408 1872 1567 1930 ἑτέρωσε
1591 1873 1657 1913 καὶ

362 1984 383 2015 ὀ
417 1979 484 2018 V11
508 1979 557 2023 α’,
583 1977 678 2025 σμη’.
719 1980 775 2016 Va
800 1978 846 2026 γ’,
873 1977 941 2023 ξδ’.
982 1979 1035 2015 Vo
1059 1978 1106 2025 γ’,
1137 1977 1204 2022 ξδ’.
1247 1979 1287 2014 D
1311 1981 1358 2025 '627
1441 1981 1484 2013 18
1517 1976 1585 2017 V11
1607 1975 1657 2022 α’,

289 2025 391 2072 opt-92
426 2027 482 2062 Va
507 2026 552 2073 γ’,
579 2026 641 2070 ξέ.
675 2027 727 2064 Vo
753 2025 799 2073 γ’,
825 2026 876 2070 ξε’

362 2126 381 2158 7
409 2122 526 2158 Seeck
549 2126 630 2158 244.
658 2126 739 2158 376.
767 2121 934 2158 Silomon
960 2125 1006 2158 46
1071 2126 1116 2158 14
1143 2121 1261 2158 Seeck
1281 2119 1360 2159 125'.
1382 2125 1463 2158 871.
1490 2121 1658 2157 Silomou

287 2174 333 2205 43
410 2173 453 2206 17
481 2169 600 2206 Seeck
626 2173 695 2206 210
769 2173 815 2206 20
841 2169 888 2206 cf.
910 2180 969 2216 ep.
989 2173 1072 2206 268.
1099 2169 1219 2206 Seeck
1245 2173 1313 2206 182

363 2271 381 2300 1
409 2267 474 2302 καὶ
499 2266 604 2302 τουτὶ
629 2265 679 2313 μὴ
703 2267 933 2311 παραλιπεῖν
960 2266 1001 2302 D
1023 2268 1029 2312 Ι
1049 2265 1085 2302 τὶ
1112 2266 1207 2302 VVa
1217 2265 1267 2302 Vo
1341 2268 1362 2301 3
1388 2264 1437 2309 ἥν
1462 2278 1497 2301 τι
1523 2263 1657 2310 acripsi

290 2324 310 2350 ο
336 2314 420 2350 VD
463 2308 512 2358 ἦν
538 2311 573 2349 τί
600 2314 656 2351 Va
691 2312 739 2360 ἢν
763 2313 802 2350 τί
826 2313 880 2351 Vo
917 2312 957 2350 εἴ
975 2327 1012 2350 τι
1030 2312 1139 2350 Wolf
1164 2314 1172 2357 Ι
1202 2313 1291 2360 ὑμῖν
1316 2313 1359 2350 D
1431 2316 1453 2349 8
1478 2312 1576 2359 ὑμᾶς
1601 2312 1658 2349 Va

339 2365 360 2397 9
386 2362 436 2403 ὡς
460 2362 551 2397 ante
577 2364 755 2408 μαθητοῦ
779 2361 1022 2397 inserendum
1048 2361 1133 2397 coni
1157 2361 1213 2397 Ro
1283 2364 1328 2397 10
1353 2359 1422 2398 οὒσ
1441 2360 1475 2396 V
1493 2362 1500 2407 Ι
1520 2360 1658 2407 λόγουσ

292 2409 333 2464 J⁷
358 2407 483 2493 267?ch
514 2410 568 2446 Vo
599 2410 665 2445 secl
700 2422 758 2451 οις
789 2409 830 2445 in
865 2423 919 2446 ων
950 2420 1033 2446 corr
1063 2409 1120 2444 m⁸
1219 2412 1263 2445 19
1296 2414 1362 2445 σοῦ
1388 2409 1445 2445 Va
1543 2411 1586 2443 ‘21
1615 2407 1657 2444 δὲ

289 2467 392 2492 mser
