1806 2964
278 230 367 274 694
868 228 1051 265 LlBANn

274 341 325 383 ἃν
344 340 599 396 προσέθηκας
617 340 825 394 πολέμους.
860 342 897 381 2.
917 336 1001 381 ἀλλ’
1023 340 1153 382 ἐκεῖνα
1172 339 1244 393 μὲν
1263 336 1308 382 εὖ
1327 347 1519 383 ποιοῦντα
1539 342 1639 395 οἴχε-

273 423 351 460 ται,
381 406 430 448 τὰ
454 405 496 448 δὲ
528 413 605 448 νῦν
629 406 758 461 βωμοὶ
783 405 851 447 καὶ
875 402 952 462 νεῴ
983 405 1050 446 καὶ
1080 404 1220 459 τεμένη
1250 405 1317 447 καὶ
1341 405 1544 460 ἀγάλματα
1567 422 1637 448 κο-

274 472 478 526 σμούμενα
502 471 574 526 μὲν
599 471 679 513 ὑπὸ
704 478 794 525 σοῦ,
818 478 1045 524 κοσμοῦντα
1079 469 1122 512 δὲ
1152 470 1194 512 σὲ
1219 471 1285 512 καὶ
1308 470 1433 526 γένος.
1473 474 1511 512 3.
1536 472 1636 526 ἔχων

274 538 323 591 δὴ
349 539 607 591 τηλικούτους
631 538 865 591 συμμάχους
895 537 1014 588 κωφὰ
1045 535 1117 590 μὲν
1146 535 1248 591 ἡγοῦ
1279 537 1326 578 τὰ
1359 544 1438 579 τῶν
1463 536 1638 579 ἀνοσίων

236 618 253 644 ⁵
275 603 381 657 βέλη,
405 603 544 652 κάθιζε
570 602 613 645 δὲ
636 604 833 652 κλάοντας
851 602 944 651 τοὺς
963 603 1299 657 καταγελάσαντας
1317 602 1445 644 πολὺν
1470 603 1522 656 δὴ
1546 603 1636 658 χρό-

275 684 351 710 νον
381 675 461 710 τῶν
491 668 716 723 βελτιόνων.
752 666 923 720 ὀφείλεις
955 666 998 709 δὲ
1029 669 1143 722 χάριν
1172 672 1254 717 τοῖς
1283 672 1396 717 θεοῖς
1421 668 1551 723 πατὴρ
1575 684 1639 723 γε-

277 735 417 790 γονώς.
455 732 763 787 ἣνάποδοῦναί
785 746 826 774 σε
851 733 925 788 χρὴ
951 735 1187 787 βοηθοῦντα
1210 741 1289 775 τῶν
1314 734 1430 788 ἱερῶν
1455 739 1536 783 τοῖς
1560 749 1638 775 κει·

278 800 424 853 μένοις.
463 802 503 840 4.
527 799 640 841 ταυτὶ
665 798 738 852 μὲν
764 795 840 841 οὖν
864 795 941 841 οἶδ’
972 799 1031 839 ὅτι
1064 799 1256 852 ποιήσεις,
1288 796 1378 839 ὥστ’
1407 796 1511 840 εἶναι
1534 799 1637 840 πολὺ

278 865 326 907 τὰ
357 865 423 906 διὰ
454 872 527 907 σοῦ
559 871 639 906 τῶν
664 864 830 920 ἑτέρωθι
863 866 1027 906 καλλίω·
1058 864 1105 905 τὰ
1136 861 1174 905 δ’
1207 862 1387 918 ἡμέτερα,
1418 871 1561 919 μικροῦ
1592 880 1638 917 με

225 945 259 972 ιο
279 938 350 973 τοῦ
381 930 530 986 θέρους
560 928 586 984 ἡ
619 929 771 983 κεφαλὴ
802 931 1102 985 κατηνάγκασεν
1133 929 1379 983 αὐξηθέντος
1411 936 1482 971 τοῦ
1513 937 1639 972 κακοῦ

276 1000 438 1053 χρησμῷ
469 996 658 1053 κιβδήλῳ.
704 998 742 1037 5.
773 1002 906 1038 νοσῶν
939 995 988 1049 δὴ
1021 995 1064 1037 τὸ
1096 1002 1207 1048 σῶμα
1238 1001 1323 1044 πῶς
1353 994 1404 1035 ἂν
1438 996 1641 1053 δυναίμην

277 1059 366 1112 οἷος
392 1061 487 1116 πρὶν
511 1057 614 1103 εἶναι
639 1061 730 1117 περὶ
761 1062 854 1112 τοὺς
885 1061 1041 1115 λόγους,
1072 1058 1118 1110 ὃς
1143 1059 1262 1102 οὐδὲν
1287 1060 1375 1102 οὔτε
1401 1059 1527 1115 λέγειν
1552 1057 1636 1102 οὔτ’

280 1128 443 1170 ἀκούειν
476 1128 671 1181 βούλομαι
705 1127 811 1180 πλὴν
845 1127 935 1181 περὶ
969 1133 1039 1180 τῆς
1072 1129 1266 1179 κεφαλῆςς
1305 1128 1342 1166 6.
1369 1126 1543 1180 ὕμνηται
1567 1125 1659 1179 μὲν·

279 1189 354 1235 οὖν
379 1191 401 1234 δ
425 1193 607 1248 γενναῖός
633 1208 701 1246 μοι
725 1193 924 1246 βασιλεύς,
949 1193 1090 1246 βραχεῖ
1109 1191 1152 1233 δέ
1170 1208 1246 1232 τινι
1272 1192 1375 1244 μάλα
1394 1191 1514 1248 λόγῳ·
1540 1191 1641 1244 φασὶ

224 1272 258 1299 ιι
279 1258 322 1300 δὲ
356 1258 479 1300 αὐτὸν
508 1255 611 1299 εἶναι
643 1258 780 1312 καλόν,
811 1255 895 1299 ἀλλ’
924 1257 1000 1312 ἐγὼ
1032 1258 1081 1298 οὗ
1110 1258 1316 1311 πείθομαι,
1341 1257 1407 1298 καὶ
1433 1257 1500 1297 διὰ
1524 1263 1640 1299 τοῦτο

278 1326 442 1380 κρύψας
467 1324 551 1378 ἔχω.
591 1322 645 1377 ἢν
671 1319 746 1365 οὖν
771 1324 954 1381 παρέλθῃ
979 1322 1023 1363 τὸ
1048 1322 1171 1380 νέφος
1195 1322 1262 1363 καὶ
1295 1329 1364 1376 τῆς
1390 1323 1540 1376 Αἴτνης
1564 1321 1642 1362 ἄπ-

279 1393 433 1444 αλλαγῶ
459 1388 525 1429 καὶ
549 1389 777 1442 κομίσωμαί
791 1404 903 1438 τινας
922 1388 1125 1442 δυνάμεις,
1150 1387 1217 1429 καὶ
1235 1389 1377 1443 γράψω
1398 1404 1434 1428 τι
1453 1394 1522 1428 τοῦ
1542 1387 1640 1440 πέμ-

277 1470 368 1497 πειν
393 1453 520 1507 ἄξιον,
545 1453 567 1496 ὃ
593 1455 669 1509 πρὸ
695 1454 808 1507 ὑμῶν
832 1455 1062 1508 ληψόμενος
1087 1454 1164 1495 οὐκ
1188 1454 1305 1495 ἔσται.

207 1582 255 1617 W
281 1586 349 1618 681
907 1569 1015 1625 ψοοί.

225 1673 260 1701 20
737 1655 1034 1712 Ἀλεξάνδρᾳ.
1073 1666 1180 1709 (362)

343 1745 380 1782 1.
401 1737 503 1782 Ἀλλ’
533 1740 555 1781 ὅ
578 1755 620 1795 γε
646 1740 808 1794 Κέλσος,
844 1739 962 1794 ἀνήρ,
995 1738 1048 1788 ὡς
1072 1735 1208 1792 οἶσθα,
1238 1739 1462 1790 ψεύδεσθαι
1493 1738 1567 1780 οὐκ
1592 1738 1643 1779 εἶ·

282 1807 376 1860 δῶς,
411 1807 511 1847 ι’δεῖν
535 1821 575 1847 τε
609 1805 733 1860 ἔφησε
759 1804 805 1846 τὰ
830 1806 964 1859 βιβλία
994 1805 1060 1846 καὶ
1085 1806 1218 1858 λαβεῖν
1243 1805 1435 1857 Διοτίμου
1462 1804 1644 1853 διδόντος

281 1956 338 2003 (ἴ)
355 1913 399 1945 19
434 1909 567 1992 (ug,
594 1908 670 1955 ρξη’
698 1908 778 1955 (fol.
799 1910 882 1954 145)
901 1909 940 1945 et
957 1908 1004 1951 δ’,
1031 1907 1082 1943 σλ’
1108 1907 1186 1954 (fol.
1208 1909 1301 1954 824).
1335 1909 1390 1944 Va
1409 1906 1450 1952 ζ’,
1470 1906 1563 1952 ρνη’.
1591 1907 1645 1943 Vo

342 1985 351 2001 ,
377 1970 469 2002 evn-
550 1969 571 1992 0

354 2057 375 2088 5
401 2052 495 2088 Plat.
517 2053 594 2088 Ion.
613 2064 649 2098 p.
670 2056 741 2088 535
758 2051 785 2086 Ε
813 2051 857 2087 ef.
884 2062 940 2096 ep.
963 2055 1065 2087 1159.
1090 2054 1191 2087 1265.
1217 2051 1244 2086 t.
1264 2050 1297 2085 II
1317 2053 1397 2093 150,
1418 2054 1475 2085 11.
1507 2049 1637 2085 Richt-

282 2100 382 2144 steig
407 2103 452 2135 65
520 2103 541 2135 6
567 2099 614 2135 cf.
636 2111 695 2146 ep.
717 2103 796 2135 677.
820 2102 888 2135 734
971 2102 1013 2134 10
1040 2098 1086 2134 cf.
1108 2109 1165 2144 ep.
1186 2101 1266 2134 706.
1289 2101 1368 2133 707.
1391 2101 1460 2134 708
1517 2101 1561 2133 14
1588 2108 1639 2132 or.

283 2147 367 2230 {3³1
391 2147 472 2230 1221}
497 2151 615 2231 ἔὲἓὲἑ
643 2151 725 2230 10146
746 2147 793 2183 cf.
813 2158 870 2192 ep.
893 2149 997 2183 1312.
1023 2145 1221 2182 Salzmann
1246 2149 1290 2180 41
1366 2148 1411 2180 20
1438 2144 1555 2181 Seeck
1582 2148 1640 2181 56.

356 2293 378 2325 2
403 2291 475 2327 νεὼ
502 2291 618 2327 VaVo
643 2289 752 2326 Wolf
772 2289 821 2325 ef.
841 2290 867 2324 t.
889 2289 938 2324 111
958 2292 1074 2332 89,17
1103 2290 1141 2324 et
1166 2292 1210 2324 21
1297 2291 1318 2323 5
1343 2285 1544 2328 κλαίοντας
1568 2287 1638 2323 Mo

283 2336 390 2373 Wolf
436 2341 457 2373 9
482 2337 617 2383 ἑτέρων
641 2338 712 2374 Mo
769 2340 813 2372 10
838 2335 1120 2382 κατηνάγκαζεν
1146 2336 1237 2372 VVa
1247 2335 1300 2372 Vo
1335 2335 1563 2380 κατήνεγκεν
1581 2333 1637 2369 Re

283 2384 444 2422 fortasse
462 2387 564 2421 recte
578 2386 623 2421 uf.
636 2396 693 2431 ep.
710 2388 755 2420 25
769 2396 806 2431 p.
819 2387 909 2427 23‚1
971 2387 1013 2419 11
1036 2383 1077 2420 δὲ
1097 2384 1166 2420 Mo
1222 2386 1264 2418 12
1285 2382 1428 2428 οὔτεῼ)
1450 2383 1518 2419 Μο
1532 2380 1641 2416 Wolf
1671 2392 1673 2394 ·

310 2436 354 2468 14
379 2433 468 2479 φησὶ
497 2434 650 2469 VVaVo
724 2435 768 2468 15
795 2429 876 2467 ἀλλ’
898 2432 968 2478 ἐγὼ
1000 2430 1132 2476 scripsi
1157 2441 1178 2467 e
1205 2431 1272 2467 Mo
1316 2430 1386 2476 ἐγὼ
1412 2427 1454 2465 δὲ
1483 2429 1637 2467 VVaVo

285 2479 391 2516 Wolf
469 2483 512 2515 17
538 2478 574 2516 τί
601 2481 691 2518 VVo
777 2483 821 2515 22
848 2478 1018 2525 διοτίμου
1038 2478 1074 2515 V
1093 2477 1157 2514 fol.
1178 2482 1247 2514 324
1273 2477 1340 2513 sed
1358 2490 1416 2514 οτι
1435 2477 1476 2513 in
1499 2487 1559 2512 ras
1579 2475 1637 2512 m⁸
