1806 2964
738 204 980 242 EPISTULA
1009 208 1052 240 19
1221 211 1224 213 ’
1523 203 1579 247 15

197 322 333 378 ἄρχων
360 321 388 376 ἢ
414 324 655 374 φιλοσοφῶν
678 319 850 371 ἀδικεῖςς
887 321 953 360 13.
979 318 1065 361 ἐπεὶ
1091 317 1135 360 δὲ
1159 318 1287 368 πολὺς
1311 318 1486 373 ἕγκεισαι
1510 334 1588 359 κω-

198 390 348 447 μῳδῶν
379 386 506 442 ἡμᾶς,
540 387 602 429 ὅτι
634 387 736 443 πρὸς
771 385 814 428 σὲ
849 385 1113 440 ἐμνήσθημεν
1147 384 1391 440 ἀξιώματος,
1424 386 1514 427 ἴσθι
1543 386 1587 427 τὸ

198 463 284 498 πᾶν
308 454 523 511 ἀγνοήσας.
556 453 640 508 ἔσχε
667 452 710 495 δὲ
737 452 824 495 ὡδί.
849 452 939 507 ἐμοὶ
963 459 1094 508 σχῆμα
1119 451 1193 507 μὲν
1218 451 1372 508 ἀρκοῦν
1398 453 1442 494 οἱ
1463 452 1588 508 λόγοι,

198 520 258 565 δι’
288 521 361 572 οὓς
394 521 650 564 οὐδεπώποτε
681 520 961 575 ταπεινότερον
998 520 1173 573 ἐμαυτὸν
1206 517 1427 575 ἡγησάμην
1457 519 1589 574 ὑμῶν,

200 585 258 632 ὧν
283 587 309 644 ἡ
336 587 566 643 λαμπρότης
593 588 714 643 ὅρκος
740 592 825 637 τοῖς
850 588 1004 638 κόλαξι·
1032 586 1134 642 πρὸς
1159 585 1204 629 δὲ
1234 586 1305 629 τὸν
1336 588 1430 642 βίον
1454 586 1583 641 ἀφορ-
1625 599 1642 626 5

199 656 272 711 μαὶ
295 656 343 698 τὰ
369 652 466 710 παρ’
490 655 625 696 αὐτῶν
650 661 732 696 τῶν
757 655 888 711 λόγων
908 653 1030 710 μικρὰ
1050 661 1204 710 μικρῶν
1223 653 1411 712 δεομένῳ.
1441 658 1510 696 14.
1530 655 1590 703 τίς

199 718 276 765 οὖν
310 719 363 778 ἦν
399 721 420 764 ὅ
456 728 555 772 νοῦς
591 717 649 763 ὧν
680 721 925 771 ἐπέστελλονς
966 718 1195 777 Ἰσοκράτης
1225 725 1420 777 παραινεῖ
1443 726 1588 777 πεῖραν

198 793 409 832 ποιεῖσθαι
433 795 514 830 τῶν
546 790 679 842 φίλων
706 787 821 830 οὔπω
853 788 1064 844 παρούσης
1096 788 1277 844 ἀνάγκης
1311 788 1410 830 ὥστε
1434 786 1589 843 ’ἀτυχή-

199 870 314 898 σαντι
339 858 395 909 μὴ
420 852 524 898 εἶναι
549 855 710 909 βλάβην
737 856 810 897 καί
831 867 935 909 φησι
955 856 1041 897 δεῖν
1060 855 1116 909 μὴ
1137 855 1332 910 δεόμενον
1357 860 1588 910 προσποιεῖ-

199 927 300 965 σθαι
323 922 367 964 τὸ
395 923 566 964 δεῖσθαι.
609 925 678 964 15.
703 928 891 964 τοιοῦτον
923 917 975 975 ἦν
1009 938 1047 964 τι
1077 922 1147 964 καὶ
1177 922 1221 964 τὸ
1255 920 1358 975 παρ’
1380 922 1497 976 ἐμοῦ·
1531 922 1588 975 μὴ
1609 935 1645 961 ιο

199 988 355 1048 χρῄζων
386 989 641 1044 ἐπήγγελλον.
677 996 893 1044 τοιγαροῦν
928 989 978 1030 σὺ
1010 987 1084 1043 μὲν
1116 989 1192 1031 οὐκ
1216 989 1399 1042 ἐδίδους,
1436 988 1513 1044 ἐγὼ
1546 988 1588 1030 δὲ

199 1055 344 1112 ἐγέλων
356 1055 427 1098 καὶ
446 1056 714 1109 ζημιούμενος
734 1054 856 1098 οὐδὲν
879 1056 1068 1110 εὕρισκόν
1085 1069 1160 1098 σου
1176 1056 1246 1098 τὸν
1262 1055 1426 1112 τρόπον.
1457 1059 1523 1098 16.
1539 1056 1588 1097 οὐ

200 1122 281 1176 μὴν
307 1123 438 1163 πάντα
464 1138 508 1177 γε
533 1118 573 1164 εἶ
594 1120 798 1180 ῥᾴθυμος,
823 1119 911 1164 ἀλλ’
934 1123 992 1173 εἰς
1016 1123 1060 1164 τὸ
1085 1122 1222 1178 γένος,
1247 1124 1358 1178 εἴπερ
1384 1138 1463 1174 τις,
1489 1123 1588 1164 ἕτοι-

199 1205 294 1243 μος,
319 1189 386 1230 καὶ
418 1195 498 1230 τῶν
530 1196 614 1230 σῶν
646 1189 806 1231 οἰκείων
839 1189 1003 1242 ἰδιώτης
1036 1189 1181 1240 οὐδείς.
1215 1186 1286 1231 εἴτ’
1309 1189 1377 1232 ἐπὶ
1409 1190 1483 1245 μὲν
1508 1197 1588 1231 τῶν

199 1255 332 1298 ἄλλων
377 1261 494 1314 τιμᾷς
532 1257 607 1309 τὴν
651 1255 820 1310 ἀρετήν,
866 1255 942 1297 κᾶν
987 1255 1008 1298 ὃ
1059 1257 1208 1310 ταύτης
1256 1256 1424 1312 ἄμοιρος
1470 1257 1588 1316 ἄρχῃ,
1607 1269 1643 1296 1⁶

200 1322 397 1378 κέκραγας
424 1327 576 1376 μᾶλλον
603 1322 629 1377 ἢ
656 1324 699 1364 οἱ
719 1323 973 1376 τεμνόμενοι·
1000 1323 1044 1364 τὸ
1069 1323 1186 1378 γένος
1211 1323 1255 1366 δὲ
1274 1325 1380 1366 οὕτω
1406 1336 1471 1366 σοι
1496 1326 1588 1377 φίλ-

199 1405 318 1431 τατον
351 1390 449 1431 ὥστε
480 1389 617 1446 ἄρχειν
650 1391 714 1431 δεῖ
740 1391 872 1431 πάντα
911 1391 1063 1432 οἰκεῖον
1094 1391 1162 1432 καὶ
1198 1390 1359 1433 ἀπεῖναι
1394 1392 1586 1446 βάσανον.

203 1457 321 1499 τοῦτό
336 1469 400 1498 σοι
413 1457 651 1511 παραίτησις
664 1451 722 1498 ὧν
736 1457 827 1512 περὶ
841 1457 935 1507 τοὺς
949 1459 1096 1510 φίλους
1115 1457 1282 1512 ἀμελεῖς.
1295 1457 1373 1501 κᾶν
1388 1458 1516 1500 ἐκεῖνό
1531 1475 1589 1508 τις

199 1529 422 1580 κατηγορῇ,
441 1520 550 1564 τοῦτ’
573 1523 794 1573 ἀντιτνθεὶς
812 1523 969 1581 ἀφαιρῇ
979 1523 1083 1578 <τὸ>
1091 1531 1163 1578 τῆς
1182 1524 1382 1579 μέμψεως.
1422 1531 1440 1567 1
1453 1530 1489 1566 7.
1511 1522 1587 1579 ἆρά

276 1619 296 1652 7
322 1614 470 1664 [quen]
496 1616 545 1652 ad
571 1615 730 1654 Demon.
751 1621 772 1660 ς
793 1620 840 1652 24
865 1629 903 1664 p.
926 1618 978 1653 7b

276 1705 293 1737 1
324 1701 494 1748 ἔγκειμαι
503 1703 550 1739 Vi
600 1707 621 1739 2
634 1702 742 1750 ἡμῶν
755 1703 831 1739 edd
884 1707 906 1739 3
921 1703 1076 1750 ἀγνοεῖν
1090 1703 1132 1740 D
1154 1706 1160 1751 Ι
1183 1703 1264 1752 ἔσχε
1276 1704 1431 1750 reposui
1445 1715 1466 1740 e
1479 1704 1587 1740 libris

867 1765 913 1798 γρ
944 1749 1217 1798 ταπεινότερον

200 1800 260 1846 ἔχε
281 1799 357 1836 edd
427 1805 449 1836 4
467 1799 723 1837 οὐδεπώποτε
739 1800 816 1837 01)
839 1801 844 1848 Ι
868 1798 1150 1846 φαυλότερονδ
1173 1799 1410 1848 φαυλότερον
1426 1802 1559 1839 7ίο1)
1582 1802 1587 1848 Ι

198 1884 396 1932 ἡγησάμην
431 1885 595 1931 ἐμαυτὸν
629 1886 680 1922 7ο
701 1886 797 1922 Vinci
823 1850 986 1932 &pgmbv
1012 1886 1118 1932 ὑμῶν
1144 1876 1343 1934 ἡγῆισάμην
1371 1887 1401 1923 S
1423 1887 1588 1933 ἐμαυτὸν

198 1934 304 1980 ὑμῶν
328 1933 529 1981 ἡγησάμην
562 1934 694 1971 ViOD
758 1937 780 1970 5
799 1940 876 1972 τῶν
894 1933 990 1982 βίων
1012 1935 1054 1971 D
1073 1934 1077 1982 Ι
1100 1933 1257 1982 ἀφορμὴ
1285 1936 1317 1973 G
1339 1935 1413 1973 edd
1492 1939 1510 1971 ’Ζ
1539 1932 1588 1982 ἦν

199 2029 261 2054 om
280 2018 328 2054 Vi
349 2022 355 2065 Ι
377 2016 431 2055 ὧν
457 2018 676 2056 ἐπέστελλον
696 2018 717 2057 ὃ
745 2025 837 2062 νοῦς
867 2021 919 2056 Vo
929 2021 1029 2057 Vind
1054 2020 1129 2056 edd
1151 2022 1157 2067 Ι
1179 1984 1272 2064 ξοῦς
1297 2016 1351 2057 ὦν
1366 1998 1588 2058 ιἐπέστελλον

198 2066 229 2104 S
259 2065 266 2115 Ι
294 2063 363 2115 ὧν]
391 2066 491 2105 &D
513 2069 519 2114 Ι
541 2067 749 2114 ἐπήγγελον
777 2069 824 2105 Vi
893 2072 938 2104 10
963 2082 1000 2105 τι
1026 2080 1086 2105 om
1115 2069 1210 2108 700
1233 2069 1321 2114 odd,
1341 2068 1444 2106 inser
1473 2070 1588 2114 Vina,

199 2116 287 2161 post
316 2121 491 2153 τοιοῦτον
515 2117 557 2153 D
634 2121 677 2152 11
707 2116 852 2164 χρῄζων
877 2116 969 2153 libri
1002 2117 1078 2154 edd
1108 2119 1114 2164 1
1149 2116 1286 2161 ἐδίδως
1317 2118 1366 2155 Vs·
1441 2122 1486 2154 13
1518 2115 1580 2164 ὁά-

199 2166 324 2209 θυμος
348 2163 439 2201 libri
521 2169 565 2201 16
591 2165 634 2201 τὸ
655 2165 698 2203 δὲ
723 2164 833 2212 γένος
858 2167 899 2202 D
975 2170 1018 2202 17
1046 2164 1134 2202 ὥστ’
1171 2167 1326 2204 ViVind
1348 2168 1353 2213 Ι
1377 2169 1458 2204 δεῖν
1484 2166 1584 2214 edd}

249 2213 273 2259 β
437 2227 462 2248 α
506 2213 575 2260 τὴν
600 2214 687 2259 περὶ
719 2215 857 2260 ἀρετῆς

198 2261 354 2298 ἀπεῖναι
394 2261 464 2308 τὴν
487 2261 659 2310 βάσανον
685 2262 715 2299 S
743 2261 814 2309 τὴν
845 2261 1016 2310 βάσανον
1047 2264 1204 2300 ἀπεῖναι
1238 2265 1290 2301 70
1305 2264 1408 2301 7ί7ιά
1438 2264 1513 2300 edd

201 2312 245 2345 18
271 2310 394 2347 ἐκεῖνο
419 2310 561 2357 (ἐκεῖνα
583 2311 699 2358 Vinci)
724 2309 782 2354 τίς
815 2311 955 2348 1⁷de
1018 2316 1062 2348 19
1094 2318 1286 2360 κατηγορῇ
1309 2313 1360 2350 70
1392 2313 1460 2349 sed
1492 2326 1514 2360 ῃ
1543 2325 1587 2348 ex

199 2370 232 2394 ει
257 2369 341 2394 corr
358 2358 416 2394 m’
438 2360 444 2405 Ι
466 2359 679 2401 ἀντιτιθεὶς
699 2360 753 2397 70
779 2360 847 2396 sed
867 2371 913 2396 ex
932 2358 983 2397 ἂν
1002 2362 1127 2404 τιθεὶς
1145 2372 1228 2397 corr
1245 2361 1303 2397 m'
1322 2361 1498 2403 ἀντυθεὶς
1510 2361 1587 2398 SD

198 2452 246 2491 ἂν
272 2455 395 2497 τιθεὶς
422 2456 567 2492 &Vina
655 2459 700 2492 19
726 2458 877 2505 ἀφαιρῇ
904 2455 947 2495 τὸ
974 2457 1111 2505 scripsi
1136 2458 1287 2506 ἀφαιρῇ
1316 2459 1351 2494 7
1377 2423 1543 2506 ἀφαιροξ
1559 2457 1589 2494 S

196 2503 399 2549 ἀφαιρεῖτο
426 2504 475 2539 7-ι’
499 2504 707 2550 ἀφαιροῖτο
743 2505 930 2543 GVindD
962 2507 1184 2553 ἀφαιρεῖται
1215 2507 1267 2543 70
1293 2506 1368 2543 edd
