1806 2964
280 232 369 275 390
866 231 1051 268 mssmn

281 343 419 398 φυγὴν
443 344 517 397 τὴν
538 339 798 392 ’Λπελλίωνος
829 343 1006 397 γνώμην.
1054 346 1093 384 3.
1123 343 1214 399 περὶ
1247 342 1289 385 δὲ
1320 350 1390 397 τῆς
1425 345 1540 397 δίκης
1569 343 1649 386 ὡδί

281 422 323 451 σε
358 409 432 463 χρὴ
468 413 653 463 φρονεῖν·
687 409 725 450 εἰ
757 407 830 462 μὲν
854 408 1024 460 ἀδικεῖς,
1058 407 1191 456 οὐδεὶς
1215 408 1342 457 οὕτως
1367 407 1570 462 αἰδέσιμος
1595 413 1649 466 τῷ

281 476 461 530 δικαστῇ,
486 470 551 515 δι’·
569 472 617 515 ὃν
642 474 692 515 οὐ
717 474 856 524 δώσεις
881 475 1016 526 δίκην
1041 474 1078 515 εἰ
1101 472 1144 515 δὲ
1168 473 1276 528 παρὰ
1301 473 1364 515 σοὶ
1388 481 1459 515 τοῦ
1485 474 1646 517 δικαίου

282 540 329 582 τὸ
355 539 487 594 μέρος,
511 539 645 589 οὐδεὶς
670 540 774 581 οὕτω
799 552 862 580 σοι
886 539 1087 593 δυσμενὴς
1111 539 1294 593 δυνατός,
1320 536 1374 581 δι’
1396 538 1445 581 ὃν
1463 540 1513 581 οὗ
1532 541 1646 598 λήψῃ

244 619 261 647 ⁸
280 607 411 658 δίκην.

208 672 258 708 W
283 677 353 709 397
918 662 1009 708 vqs'.

788 745 974 806 Ἀνθιῳ.
1024 759 1132 803 (355)

345 836 382 872 1.
405 828 508 886 Ἐγὼ
529 832 628 887 πρὸς
647 828 840 886 Ἱεροκλέα
857 832 1037 887 γράφων,
1056 834 1246 882 πολλάκις
1266 831 1309 874 ὁὲ
1327 839 1443 875 τοῦτο
1463 832 1650 887 ἐποίησα,

284 897 358 939 οὐκ
382 897 488 939 ἔστιν
515 898 576 939 ὅτε
602 898 651 940 οὗ
676 897 910 952 προσέθηκα
934 898 1006 940 τό··
1028 899 1152 948 ὅπως
1178 897 1294 952 ἡμῖν
1319 893 1370 941 εὖ
1396 905 1540 955 ποιῇς
1564 898 1648 940 τὸν

230 979 265 1006 ιο
283 962 478 1016 ἑταῖρον
494 962 663 1005 ’Ἁνθιο
674 980 707 1005 ν.
745 963 812 1005 καὶ
832 964 926 1013 ἴσως
945 962 1018 1017 μέν
1035 965 1074 1006 τί
1091 977 1154 1006 σοι
1172 963 1356 1014 κάκεῖνος
1373 964 1648 1018 βεβοήθηκεν·

282 1029 320 1070 εἰ
343 1028 385 1070 δὲ
406 1028 525 1070 οὐδέν
544 1045 581 1070 τι
605 1029 837 1084 προσέσχεν,
855 1025 941 1070 ἀλλ’
963 1029 1155 1084 ἐξεύρηκα
1173 1045 1216 1085 γε
1236 1031 1457 1084 σύμμαχον,
1482 1028 1528 1080 ὃς
1547 1029 1650 1083 ἐμήν

283 1110 327 1150 γε
352 1096 466 1149 χάριν
491 1094 568 1136 κᾶν
594 1094 661 1136 διὰ
691 1095 819 1147 πυρὸς
850 1095 974 1136 ἔλθοι.
1026 1099 1064 1136 2.
1090 1096 1164 1137 εἴτε
1189 1090 1264 1137 οὖν
1291 1097 1355 1137 δεῖ
1375 1098 1441 1137 σοί
1463 1112 1498 1136 τι
1523 1107 1650 1149 προσ-

282 1160 471 1215 γενέσθαι
497 1160 672 1215 ἀγαθόν,
697 1160 1018 1214 προθυμήσεται·
1049 1162 1123 1202 εἴτε
1148 1165 1328 1214 λυθῆναι
1353 1161 1548 1216 λυπηρόν,
1573 1161 1650 1210 οὐκ

283 1226 518 1278 ἀποκνήσει·
547 1222 628 1267 εἴθ’
650 1226 782 1281 ἕτερον
799 1224 969 1280 ἄρχοντα
992 1230 1125 1268 πεῖσαι
1143 1226 1190 1267 τὰ
1216 1227 1350 1267 δίκαια
1374 1227 1473 1280 πρὸς
1492 1225 1534 1267 σὲ
1557 1241 1650 1267 ποι-

231 1306 266 1333 ιι
285 1296 359 1344 εῖν,
394 1291 487 1333 οὐδὲ
521 1298 637 1333 τοῦτο
672 1293 869 1344 φεύξεται.
920 1294 959 1333 3.
983 1293 1204 1346 κεχάρισται
1240 1291 1281 1333 ez
1312 1292 1389 1347 πρὸ
1414 1299 1493 1332 τῶν
1517 1291 1650 1333 ἄλλων

284 1361 338 1415 τῷ
360 1358 568 1411 γράμματά
593 1370 656 1398 σοι
682 1353 735 1398 δι’
758 1357 883 1399 αὐτοῦ
907 1352 1003 1411 παρ’
1024 1357 1123 1411 ἐμοῦ
1148 1364 1306 1410 φοιτᾶν.
1343 1358 1486 1412 θάρρει
1512 1356 1563 1410 ὸὴ
1582 1356 1651 1398 καὶ

286 1423 454 1475 πρόσιθι
492 1423 558 1464 καὶ
594 1422 641 1463 τὰ
679 1429 830 1464 σαυτοῦ
865 1423 1064 1477 θεράπευε
1100 1422 1167 1464 καὶ
1199 1423 1330 1476 νόμιζε
1366 1429 1508 1477 καιροῦ
1544 1437 1655 1472 τινος

286 1488 494 1542 εἰλῆφθαι.

214 1573 264 1609 W
291 1576 360 1609 398
922 1565 1020 1613 τῆς’.

233 1664 269 1691 so
714 1645 1058 1707 Ἀρισταινέτῳ.
1109 1660 1213 1705 (355)

355 1736 392 1773 1.
413 1727 469 1772 ‘H
487 1733 602 1782 πόλις
637 1730 752 1785 ἡμῶν
776 1732 897 1774 πλέον
929 1733 1046 1785 ἐρῶσι
1079 1741 1150 1787 τῆς
1183 1741 1256 1788 σῆς
1289 1733 1475 1788 ψυχῆςῆ
1507 1735 1557 1776 σὺ
1581 1742 1654 1790 τῆς

289 1797 403 1851 ἐμῆς·
429 1797 497 1839 καὶ
516 1798 566 1839 σὺ
587 1797 659 1851 μὲν
677 1805 748 1851 τῆς
766 1798 864 1852 ἐμῆς
889 1799 983 1848 ἴσως
1001 1799 1076 1841 οὐκ
1101 1800 1274 1853 εἰκότως,
1299 1801 1342 1841 οἱ
1363 1800 1406 1841 δέ
1423 1816 1466 1855 γε
1485 1807 1556 1854 τῆς
1579 1809 1655 1856 σῆς

288 1863 355 1904 καὶ
387 1863 490 1915 μάλα
528 1862 700 1912 εἰκότως.
750 1859 842 1903 ὥστ’
871 1864 909 1905 εἰ
937 1863 991 1917 μὴ
1024 1859 1077 1918 ἦν
1107 1864 1216 1914 ἐλπὶς
1254 1866 1312 1906 ὅτι
1348 1866 1485 1916 αὐτοῖς
1513 1866 1655 1922 ἀφίξῃ,

330 2013 340 2024 ¹
363 1965 537 2049 ⁶VVI‘71'
563 1965 634 2025 πί.
669 1966 725 2003 Va
748 1966 792 2012 ε’,
817 1966 877 2014 ιβ’.
911 1967 963 2004 Vo
988 1966 1031 2013 ε’,
1057 1967 1108 2016 ιβ’
1201 1972 1245 2005 19
1280 1969 1328 2005 VJ
1349 1968 1396 2016 γ’,
1421 1966 1497 2010 σις’.
1530 1971 1587 2007 Va
1610 1969 1656 2016 ε’,

292 2027 329 2058 ιγ
344 2040 352 2049 .
417 2025 438 2050 o
463 2025 480 2049 ε
495 2041 503 2056 ,
530 2027 566 2059 ιγ

365 2111 385 2143 7
412 2108 531 2144 Seeck
558 2113 614 2145 75.
642 2112 710 2145 319
761 2109 916 2146 sseeck
943 2113 1010 2146 176
1087 2115 1130 2147 12
1157 2110 1357 2147 Salzmann
1384 2115 1428 2148 93
1502 2115 1548 2148 20
1574 2111 1653 2148 8ἰο-

291 2166 377 2191 vers
402 2159 530 2199 233,3.
558 2156 676 2192 Seeck
701 2160 758 2193 85.
785 2160 854 2193 319

366 2254 387 2286 8
413 2257 524 2287 τοῦτο
548 2252 582 2286 V
600 2253 667 2287 sed
693 2265 713 2288 ο
739 2263 760 2288 c
778 2250 791 2264 ²
815 2263 898 2289 con·
921 2253 979 2287 m⁶
1075 2257 1096 2289 9
1122 2252 1223 2296 ὅπως
1247 2253 1283 2289 V
1304 2254 1371 2290 ssd
1397 2252 1453 2290 ὅτι
1478 2265 1654 2300 suprascr

293 2298 351 2333 111⁶
380 2301 386 2343 Ι
417 2305 538 2340 ποιεῖς
564 2299 599 2334 V
631 2305 756 2341 ποιοῖς
778 2300 831 2336 Va
918 2304 963 2336 1«)
988 2299 1056 2346 μέν
1079 2299 1116 2337 τί
1139 2301 1273 2347 scripsi
1306 2301 1410 2347 μέντι
1438 2303 1531 2338 VVa
1566 2301 1652 2348 μέν·

293 2358 352 2381 τοι
380 2346 431 2382 Vo
457 2346 565 2382 Wolf
647 2351 691 2383 12
727 2348 832 2384 ἔλθοι
863 2348 998 2394 scripsi
1035 2359 1055 2384 e
1083 2349 1176 2386 VVa
1206 2348 1278 2385 coll
1306 2351 1331 2384 t.
1356 2349 1386 2383 ΙΙ
1407 2353 1566 2394 329,18;
1591 2360 1651 2396 ep.

296 2396 374 2428 ⁹177.
403 2392 550 2430 διέλθοι
578 2395 629 2431 Vo
659 2394 763 2430 Woff
803 2396 810 2439 Ι
861 2406 919 2432 σοι
945 2395 982 2431 τί
1009 2397 1060 2432 Vo
1134 2401 1178 2432 16
1203 2397 1270 2444 τῷ]
1295 2395 1342 2432 τὰ
1367 2397 1403 2433 V
1423 2397 1488 2432 sed
1514 2410 1540 2432 α
1565 2396 1605 2432 in
1628 2410 1651 2434 ο

295 2451 378 2476 corr
402 2441 458 2476 m⁶
478 2443 484 2485 1
506 2443 663 2478 ὃιαντοῦ
690 2443 746 2479 Va
766 2445 773 2487 Ι
796 2443 886 2488 ἐμοῦ
910 2443 1043 2489 scripsi
1061 2455 1082 2479 c
1107 2445 1143 2481 V
1156 2444 1222 2479 sed
1241 2449 1264 2479 ῦ
1284 2454 1329 2479 ex
1349 2444 1360 2480 1
1381 2455 1464 2480 corr
1481 2444 1539 2480 ω·
1569 2444 1652 2492 ἐμοὶ

303 2489 358 2524 Va
370 2489 419 2525 Vo
444 2488 552 2525 Wolf
615 2493 659 2524 21
687 2489 791 2536 ἡμῶν
817 2490 951 2536 scripsi
976 2501 996 2526 e
1017 2491 1052 2527 V
1071 2490 1160 2537 ἡμῖν
1189 2491 1303 2528 VaVo
1327 2491 1437 2528 Wolf
