1806 2964
311 225 400 269 354
901 226 1050 262 LIBAN
1051 226 1085 262 11

309 336 597 395 κεκρατημὲνῳ.
623 345 721 379 πᾶσι
744 338 819 393 γὰρ
845 338 895 391 δὴ
921 338 1116 392 πατράσιν
1141 338 1259 391 εὐχῆς
1284 338 1400 392 μέρος
1425 341 1583 382 παίδων
1606 339 1676 394 ἡτ-

312 406 470 455 τᾶσθαι,
504 403 571 444 καὶ
605 403 655 445 σὺ
689 400 783 458 παρ’
812 403 909 456 ἐμοῦ
943 401 1078 456 λαβὼν
1102 402 1172 452 τὰς
1206 403 1263 452 εἰς
1292 401 1336 444 τὸ
1361 405 1531 459 γράφειν
1555 405 1677 456 ὁδοὺς

313 463 375 516 οἷς
398 467 534 523 ἔλαβες
557 469 627 510 τὸν
653 469 773 510 δόντα
799 468 1063 523 παρήνεγκας.
1099 470 1138 509 3.
1163 467 1252 522 περὶ
1277 466 1320 509 δὲ
1344 475 1415 510 τοῦ
1440 470 1583 524 μέτρου
1606 477 1678 524 τῆς

312 531 519 586 ἐπιστολῆς
544 534 614 574 δεῖ
632 534 766 587 δήπου
787 549 833 587 με
858 532 1188 587 ἀπολογήσασθαι
1213 538 1267 591 τῷ
1293 540 1496 592 στρατηγῷ
1516 537 1587 578 τὸν
1603 537 1676 591 ῥή-

278 613 296 640 5
314 613 430 652 τορα,
454 602 605 651 μᾶλλον
630 598 693 652 δέ,
725 603 779 655 τῷ
805 598 930 653 λέγειν
955 599 1027 652 οὐχ
1057 593 1177 651 ἦττον
1208 598 1235 653 ἢ
1266 600 1462 653 μάχεσθαι
1492 602 1678 654 μαθόντι.

314 666 354 704 4.
379 663 514 717 ἐπειδή
541 677 583 706 σε
607 665 792 718 βασιλεὺς
817 664 998 705 ἐκάλεσεν
1023 663 1080 712 εἰς
1104 665 1321 706 κοινωνίαν
1345 671 1414 717 τῆς
1438 664 1575 719 ἀρχῆς,
1598 663 1677 724 ᾠή-

313 732 399 781 θην
430 730 515 770 δεῖν
545 729 708 782 ἀφελεῖν
741 736 812 783 τῆς
842 730 1065 783 παρρησίας
1096 729 1164 771 καὶ
1195 730 1250 783 μὴ
1281 735 1411 771 ποιεῖν
1441 729 1468 771 ἃ
1498 731 1575 784 πρὸ
1605 738 1678 772 τοῦ

313 795 413 849 πρὸς
436 793 565 849 ἄνδρα
588 801 778 837 τοσοῦτον
797 794 1070 850 γεγενημένον.
1096 794 1231 836 δεινὸν
1248 795 1337 849 γάρ,
1356 796 1393 836 εἰ
1409 802 1675 850 σκιαμαχοῦν-

316 875 375 908 τες
394 859 467 912 μὲν
485 859 529 900 ἕν
555 865 640 910 ταῖς
663 868 743 901 τῶν
767 860 936 914 ἀγώνων
962 859 1135 913 μελέταις
1160 860 1365 914 εἰσόμεθα,
1389 867 1475 910 πῶς
1493 864 1684 915 Περικλεῖ

264 942 296 968 ιο
314 924 381 965 καὶ
411 926 575 977 Κίμωνι
607 925 675 966 καὶ
707 926 912 982 Μιλτιάδῃ
945 925 1183 979 διαλεκτέον,
1215 924 1279 966 ἐπὶ
1310 924 1352 966 δὲ
1384 932 1454 979 τῆς
1485 925 1678 979 ἀληθείας

315 990 588 1045 παροψόμεθα
620 991 688 1032 τὸν
719 991 857 1044 νόμον.
909 994 946 1032 5.
972 990 1069 1032 αὐτὸ
1102 990 1178 1046 γὰρ
1208 986 1326 1032 τοῦθ’
1360 989 1382 1031 ὃ
1414 991 1464 1032 σὺ
1496 988 1599 1048 φῄς,
1623 989 1678 1040 ὡς

317 1056 364 1095 αἱ
386 1062 463 1096 τῶν
488 1062 716 1110 στρατηγῶν
740 1055 939 1097 ἐπιστολαὶ
963 1057 1141 1111 βραχεῖαι
1167 1055 1234 1096 διὰ
1252 1056 1296 1098 τὸ
1321 1057 1519 1110 πράττειν,
1542 1055 1680 1098 ἔπειθέ

319 1135 367 1173 με
399 1120 468 1162 καὶ
499 1121 623 1162 αὐτὸν
657 1123 878 1162 συστέλλειν
908 1121 955 1162 τὰ
985 1121 1192 1176 γράμματα
1222 1121 1353 1162 εἰδότα
1385 1121 1438 1170 ὡς
1461 1121 1576 1171 ’ὅστις
1604 1119 1676 1163 ὑπ’

318 1185 503 1240 ἀσχολίας
539 1186 614 1227 οὐκ
647 1186 724 1240 ἔχει
759 1186 890 1241 μακρὰ
923 1185 1172 1239 ἐπιστέλλειν,
1202 1185 1279 1227 κᾶν
1302 1182 1375 1227 ὑπ’
1401 1186 1522 1228 ἄλλον
1547 1187 1677 1240 μακρὰ

266 1267 299 1295 1⁶
318 1251 545 1305 γράφοντος
569 1251 815 1305 ἐνοχληθείη.
862 1255 902 1292 6.
926 1259 1004 1293 νῦν
1029 1248 1103 1294 οὖν
1128 1252 1264 1304 ἐπειδή
1291 1267 1336 1305 με
1360 1256 1599 1306 παρακαλεῖς
1621 1253 1679 1301 εἰς

320 1323 467 1370 μῆκος,
498 1317 788 1370 ὑπακούσομαι.
837 1318 907 1358 καί
935 1330 999 1359 σοι
1029 1318 1226 1372 συγχαίρω
1257 1324 1414 1372 πρῶτον
1439 1317 1523 1370 μέν,
1549 1318 1608 1359 ὅτι
1630 1317 1678 1358 τὰ

319 1381 422 1422 ὅπλα
447 1382 546 1436 ἔχων
571 1382 615 1423 ἐν
639 1387 772 1437 χεροῖν
797 1383 873 1424 οὐκ
896 1382 1080 1432 ε’ξέλυσας
1103 1383 1177 1435 τὴν
1201 1382 1291 1438 περὶ
1316 1383 1457 1437 λόγους
1483 1383 1678 1436 σπουδήν,

319 1447 417 1488 ἀλλὰ
450 1449 555 1504 μάχῃ
591 1447 663 1502 μὲν
688 1447 742 1497 ὣς
776 1447 896 1489 οὐδὲν
919 1447 1013 1490 ἄλλο
1040 1450 1160 1504 δρῶν,
1195 1450 1264 1505 ζῇς
1297 1447 1339 1489 δὲ
1364 1448 1406 1489 ἐν
1432 1449 1600 1502 βιβλίοις
1625 1447 1683 1498 ὡς

318 1512 552 1563 ἆφεστηκὼς
589 1515 733 1568 μάχης·
773 1510 904 1554 ἔπειθ’
939 1514 998 1555 ὅτι
1036 1518 1089 1572 τῷ
1125 1513 1332 1566 μεταδόντι
1363 1520 1432 1567 τῆς
1470 1513 1593 1567 ἀρχῆς
1629 1513 1679 1554 οὐ

391 1662 409 1693 1
437 1657 478 1694 11.
499 1659 605 1701 {476
619 1670 674 1703 sq.
749 1662 770 1693 3
798 1658 843 1694 cf.
865 1659 893 1694 t.
913 1658 947 1694 11
966 1662 1024 1704 81,
1042 1662 1084 1694 19
1152 1663 1176 1694 4
1196 1657 1294 1694 Plat.
1320 1658 1460 1694 Phaed.
1479 1670 1516 1704 p.
1537 1661 1584 1693 63
1598 1658 1628 1693 Β

317 1705 456 1788 adiuti..
472 1705 585 1798 21³2,
600 1710 644 1742 18
718 1709 740 1741 8
766 1705 862 1742 Plat.
884 1705 983 1752 apol.
1003 1718 1039 1751 p.
1063 1709 1106 1742 18
1119 1706 1151 1741 D
1228 1710 1271 1742 12
1297 1705 1366 1742 Iul.
1386 1717 1443 1752 ep.
1459 1709 1480 1741 2
1505 1705 1624 1742 Horu.

390 1888 408 1919 1
434 1889 527 1920 πᾶσι
542 1905 584 1910 -
604 1884 793 1930 ἡττᾶσθαι
817 1883 955 1920 omisso
981 1883 1051 1930 γὰρ
1077 1884 1172 1920 citat
1189 1883 1377 1920 Macarius
1398 1883 1526 1929 Chrys‘.
1546 1883 1611 1920 fol.
1631 1887 1678 1919 95

363 1935 385 1967 3
412 1929 470 1973 οἷς
494 1931 622 1979 ἔλαβες
646 1943 706 1967 om
732 1931 762 1968 S
774 1932 820 1968 Vi
828 1931 928 1968 Vina
999 1935 1021 1967 ὅ
1046 1932 1112 1980 τῷ]
1136 1931 1179 1968 τὸ
1206 1932 1252 1968 Vi
1288 1933 1296 1976 Ι
1335 1931 1517 1979 οὐχῆττον
1544 1931 1601 1967 Va

316 1984 338 2015 6
362 1984 428 2026 τῆς
451 1979 591 2015 inserui
616 1990 637 2015 e
661 1978 771 2014 libris
815 1990 876 2015 om
895 1978 1003 2015 Wolf
1066 1983 1085 2015 7
1110 1985 1253 2024 προτοῦ
1279 1979 1379 2016 Vina
1444 1982 1468 2015 8
1492 1984 1675 2016 τοσοῦτον

315 2026 440 2072 ἄνδρα
467 2028 514 2063 Vs·
585 2030 606 2062 9
632 2027 790 2074 ἀγόνων
814 2026 950 2073 scripsi
973 2037 995 2062 ο
1021 2027 1057 2063 V
1076 2027 1142 2063 sed
1162 2026 1202 2063 in
1227 2026 1347 2072 λόγων
1365 2037 1448 2063 corr
1464 2027 1533 2072 ω’,
1567 2027 1622 2063 Va
1631 2027 1676 2063 Vi

327 2075 422 2110 Vind
452 2073 573 2121 λόγων
600 2075 689 2111 VoS
705 2074 811 2111 Wolf
869 2078 912 2110 11
934 2074 983 2120 δὴ
1002 2076 1089 2120 post
1108 2074 1180 2121 γὰρ
1207 2075 1254 2111 Vs·
1274 2076 1280 2121 Ι
1300 2072 1416 2110 τοῦθ’
1438 2073 1459 2110 ὃ
1480 2074 1525 2110 σὺ
1543 2074 1679 2120 scripsi

318 2133 339 2158 e
366 2123 402 2158 V
421 2122 489 2158 sed
521 2133 542 2158 e
566 2127 677 2159 τοῦτο
710 2119 730 2158 ὃ
762 2133 844 2159 corr
874 2121 942 2166 m‘,
968 2122 1056 2160 SVi
1099 2127 1209 2158 τοῦτο
1242 2120 1261 2158 ὃ
1288 2122 1512 2158 VaVoVind
1542 2121 1649 2157 Wolf
1670 2121 1676 2169 Ι

318 2169 395 2216 φὴς
419 2170 508 2206 libri
533 2169 641 2205 Wolf
723 2174 767 2206 12
793 2170 984 2206 ἐπιστολαὶ
1010 2170 1045 2206 V
1066 2169 1132 2205 sod
1156 2170 1176 2207 ἐ
1199 2169 1239 2206 in
1270 2180 1333 2206 ras
1357 2180 1404 2206 ex
1428 2168 1469 2204 αἱ
1495 2179 1577 2206 corr
1594 2168 1651 2204 m⁸
1672 2171 1678 2215 Ι

319 2241 386 2278 διὰ
409 2241 451 2278 τὸ
480 2242 515 2277 V
533 2241 602 2277 aad
627 2251 648 2277 ο
666 2230 750 2278 σιέθ
769 2252 852 2278 oon
875 2240 933 2277 ιιι*
1010 2244 1055 2277 13
1081 2239 1178 2277 αὐτὰ
1203 2241 1320 2277 VaVo
1340 2242 1347 2288 ι
1369 2238 1601 2288 munzun«,-
1625 2240 1682 2276 Va

369 2292 413 2324 14
440 2289 518 2336 ἔχοι
544 2289 591 2325 Vi
629 2290 635 2334 Ι
674 2288 802 2334 μακρὰ
821 2289 858 2325 V
886 2288 951 2325 sed
978 2303 1003 2324 α
1027 2299 1075 2325 ex
1099 2302 1113 2324 ι
1138 2299 1222 2325 corr
1244 2287 1302 2324 ω·
1374 2291 1419 2324 16
1442 2293 1573 2334 πρῶτα
1598 2287 1645 2324 Vi
1670 2287 1677 2333 Ι

318 2335 387 2383 μέν
411 2336 513 2373 inser
538 2336 593 2373 V*
629 2348 691 2372 om
717 2337 773 2373 Va
781 2337 833 2373 Vo
895 2340 938 2372 1‘1
966 2335 1138 2380 ἐξίλυσας
1154 2335 1305 2382 reposui
1324 2346 1345 2371 e
1363 2334 1472 2371 libris
1503 2335 1681 2379 ἐξέδυσας

319 2430 427 2514 2W⁰213f
439 2428 607 2515 Htfilsrd'
638 2432 686 2468 Vs·
705 2382 954 2479 Ιγῖἳῗβιλβδίὲιὲ
1025 2435 1069 2469 19
1095 2431 1176 2468 ἐπεὶ
1195 2430 1240 2467 θ’
1270 2431 1326 2467 Va
1347 2432 1353 2476 Ι
1374 2431 1462 2476 poet
1484 2430 1602 2478 ἀρχῆς
1619 2440 1681 2466 rae
