1806 2964
353 247 441 289 374
936 249 1119 286 LIBANII

350 357 458 411 παρὰ
483 356 525 399 σὲ
556 365 701 409 φοιτᾶν
730 359 849 413 ἔχειν,
883 358 906 400 ὃ
930 365 984 417 τῷ
1017 376 1061 415 γε
1094 361 1219 415 ἔχοντι
1242 362 1390 411 παντὸς
1414 361 1578 416 ἄμεινον
1602 380 1707 420 φαρ-

352 423 493 476 μάκου·
543 422 598 472 ὡς
631 419 676 465 εὖ
719 425 826 478 ἴσθι,
859 424 937 466 κᾶν
969 425 1190 480 ὑγιέστερος
1225 423 1259 467 ὦ
1293 428 1523 482 Κρότωνος,
1557 435 1631 470 σοῦ
1661 445 1707 485 γε

352 488 584 541 ἀφεστηκὼς
609 488 653 529 ἐν
677 494 760 538 τοῖς
783 489 1055 546 ἀρρωστοῦσιν
1078 492 1250 544 ἐμαυτὸν
1273 494 1427 545 τίθημι.
1467 496 1506 534 4.
1531 494 1707 548 Δάφνην

353 552 395 595 δὲ
421 554 495 606 τὴν
516 550 735 596 Ἀπόλλωνι
759 557 884 609 φίλην
898 579 946 585 -
965 557 1014 598 οὐ
1032 556 1106 609 τὴν
1130 558 1297 610 νύμφην
1321 557 1418 612 λέγω
1443 565 1534 612 νῦν,
1556 556 1641 600 ἀλλ’
1668 557 1714 602 οἷ

317 633 332 661 ι
352 619 559 670 μετέβαλεν
585 618 610 672 ἡ
636 620 734 673 κόρη
753 643 797 650 -
813 621 880 662 καὶ
903 622 1084 676 πρόσθεν
1101 623 1227 676 καλὴν
1246 621 1467 676 ’ἡγούμενος
1490 623 1546 664 ἔτι
1562 626 1707 666 καλλίω

352 686 499 738 νομίζω
530 685 597 726 καὶ
627 685 691 726 σοὶ
723 687 923 728 δοκοῦσαν
946 689 1084 740 καλήν.
1134 688 1183 729 οὐ
1215 688 1295 741 μὴν
1319 688 1438 742 ἔγωγε
1469 688 1612 743 μετέχω
1635 697 1707 732 τοῦ

351 751 498 804 χωρίου
524 751 727 804 δεσμώτης
752 751 830 793 ὑπὸ
856 759 926 806 τῆς
950 752 1087 806 τέχνης
1117 753 1305 808 γεγονώς·
1338 751 1360 794 ὃ
1383 753 1458 807 γὰρ
1484 754 1546 795 σοὶ
1569 754 1613 796 τὸ
1636 754 1708 811 ἄρ-

352 831 448 870 χειν,
472 816 559 869 ἐμοὶ
584 816 627 857 τὸ
654 817 866 859 διδάσκειν.

280 942 329 978 W
355 946 424 979 387
984 934 1083 978 τπδ’.

299 1033 335 1060 10
814 1024 882 1077 Τῷ
902 1020 1034 1078 αὐτῷ.
1084 1029 1250 1077 (358]59)

415 1106 452 1144 1.
468 1100 599 1152 ’Ἀξιοί
620 1119 663 1158 γε
688 1102 863 1145 ἐπαίνων
887 1105 931 1145 οἷ
950 1104 1082 1157 πόνοι,
1107 1100 1161 1145 δι’
1183 1099 1241 1145 ὧν
1266 1119 1304 1145 τε
1330 1104 1462 1154 σώζεις
1487 1104 1556 1153 τὰς
1579 1104 1713 1154 πόλεις

352 1166 420 1208 καὶ
444 1164 505 1218 οἷς
529 1169 603 1222 τὴν
627 1169 750 1210 νόσον
774 1168 990 1223 ἀπήλασας.
1039 1170 1209 1210 πιστεύω
1239 1169 1314 1224 γὰρ
1345 1164 1428 1210 οὖν·
1449 1169 1577 1223 αὐτὴν
1599 1169 1708 1222 ἐκβε-

353 1235 530 1287 βλῆσθαι
555 1240 604 1290 σῇ
630 1249 669 1275 τε
694 1236 876 1291 καρτερίᾳ
900 1234 968 1276 καὶ
989 1233 1227 1290 Μαρκέλλου
1253 1236 1375 1291 σοφίᾳ
1399 1234 1466 1276 καὶ
1484 1239 1593 1276 θεῶν
1612 1236 1710 1290 βοη-

353 1300 458 1355 θείᾳ.
508 1305 587 1340 τῶν
621 1299 695 1354 γὰρ
730 1299 961 1355 ἀγαγόντων
996 1313 1037 1341 σε
1071 1297 1165 1354 παρ’
1193 1298 1297 1353 ἡμᾶς
1333 1299 1396 1341 ἐπὶ
1435 1303 1594 1356 φυλακῇ
1627 1305 1709 1341 τῶν

300 1379 335 1406 15
355 1364 488 1405 ἐθνῶν
526 1360 577 1418 ἦν
621 1366 755 1417 δήπου
798 1365 864 1406 καὶ
909 1366 1082 1418 δύναμιν
1118 1366 1175 1415 εἰς
1217 1365 1260 1407 τὸ
1304 1365 1515 1418 φυλάττειν
1557 1365 1712 1406 δοῦναι.

355 1434 393 1471 2.
422 1430 655 1484 Μάρκελλος
690 1429 732 1471 δὲ
765 1431 859 1481 τοὺς
891 1429 963 1484 μὲν
993 1430 1137 1480 ἄλλους
1162 1429 1322 1479 ἀνιστὰς
1347 1430 1542 1487 ἐπῃνεῖτο,
1566 1436 1644 1471 νῦν
1667 1426 1706 1471 δ’

353 1495 405 1536 ἂν
434 1496 595 1544 εἰκότως
613 1495 679 1537 καὶ
699 1497 978 1549 στεφανωθείη
998 1496 1207 1549 ἰασάμενος
1225 1494 1353 1550 ἄνδρα
1377 1497 1522 1551 μυρίας
1542 1496 1713 1550 ἰώμενον

353 1561 498 1610 πόλεις.
551 1564 587 1602 3.
613 1558 698 1602 ἀλλ’
727 1561 862 1615 ἐπειδὴ
897 1561 1012 1602 τάκεῖ
1029 1562 1323 1615 τεθεράπευκας
1357 1562 1516 1615 ἱκανῶς,
1550 1562 1711 1616 φάνηθι

354 1626 419 1667 καὶ
446 1627 548 1682 τῇδε.
587 1627 751 1684 φανήσῃ
777 1626 820 1669 δὲ
845 1627 1002 1680 ἐρῶσιν,
1028 1623 1088 1675 οἷς
1113 1625 1191 1679 ἡδὺ
1216 1627 1258 1667 τὸ
1283 1625 1474 1681 ἄρχεσθαι
1492 1627 1711 1679 πεποίηκας

301 1706 336 1733 2⁰
355 1698 402 1748 τῇ
427 1699 504 1732 τῶν
530 1692 687 1745 τρόπων
712 1692 912 1749 ἐπιεικείᾳ.

427 1800 448 1830 9
484 1797 531 1832 V!
554 1796 599 1841 γ’,
624 1794 679 1832 od'
700 1797 761 1842 (=
781 1795 869 1842 ωξ’>.
893 1796 949 1832 Va
967 1795 1014 1840 δ’,
1034 1794 1096 1832 σε’.
1125 1796 1176 1832 Vo
1194 1794 1241 1840 δ’,
1261 1794 1322 1832 σε’.
1342 1795 1371 1832 S
1387 1796 1435 1843 β’,
1453 1806 1514 1841 μς.
1540 1795 1587 1831 Π
1604 1793 1710 1842 [ριςΊ

429 1896 449 1926 ⁴2.
476 1892 521 1927 ef.
542 1892 590 1926 ad
616 1901 674 1937 ep.
696 1894 767 1927 35⁹
866 1895 910 1927 10
936 1891 1079 1927 Sievers
1104 1893 1186 1935 228,
1201 1894 1233 1926 3.
1261 1889 1378 1926 Seeck
1403 1893 1484 1925 214.
1511 1893 1591 1925 349.
1617 1889 1712 1925 Silo-

355 1949 443 1974 mon
471 1942 525 1974 17.
546 1942 590 1974 20
661 1942 703 1974 13
729 1938 775 1975 cf.
795 1948 854 1984 ep.
873 1942 954 1974 362.
974 1942 1044 1974 378

432 2039 447 2069 1
471 2034 529 2069 σοὶ
553 2034 643 2070 VVa
652 2035 704 2071 Vo
786 2037 807 2070 8
822 2034 1074 2079 ἀρρωστοῦσιν
1088 2034 1188 2070 Vind
1208 2033 1304 2069 θεᾶν
1328 2032 1403 2068 add
1470 2035 1492 2067 4
1519 2029 1556 2068 οἶ
1578 2031 1713 2078 scripti

357 2078 402 2118 οὗ
428 2081 516 2117 libri
543 2081 649 2117 Wolf
715 2085 736 2116 5
754 2081 914 2117 καλλίων
941 2082 1051 2118 Ῡεεᾱ
1064 2080 1075 2093 ’
1094 2081 1170 2117 add
1183 2081 1239 2116 ω*
1319 2085 1363 2116 10
1382 2080 1558 2116 ἰουλιανῶ
1572 2079 1605 2115 V
1603 2080 1621 2116 i

359 2134 402 2164 11
423 2130 613 2172 σώιζειςν
688 2133 732 2164 13
751 2127 937 2175 μαρκέλου
953 2130 999 2165 Vi
1019 2129 1024 2176 Ι
1051 2131 1156 2165 θεῶν
1187 2128 1220 2165 V
1240 2128 1306 2164 aed
1332 2133 1385 2164 ὤν
1410 2138 1455 2163 ox
1480 2127 1525 2164 ὸν
1549 2138 1632 2163 corr
1655 2125 1714 2162 ιιι*

437 2181 480 2212 18
506 2175 586 2212 ἀλλ’
610 2198 654 2203 -
680 2176 820 2218 ἱκανῶς
852 2176 1070 2223 praemissis
1102 2175 1226 2212 verbis
1255 2173 1298 2212 τὸ
1336 2175 1378 2211 δὲ
1413 2175 1526 2218 ἐκεῖ,
1557 2175 1712 2210 ἐκεῖσε

357 2225 421 2260 καὶ
447 2224 632 2261 ἐκεῖθεν
650 2225 695 2261 οὐ
719 2223 838 2270 μόνον
862 2226 924 2261 ἐπὶ
949 2223 1062 2260 ἄλλου
1086 2223 1217 2265 τόπου,
1242 2222 1335 2259 ἀλλὰ
1359 2222 1424 2258 καὶ
1456 2219 1519 2267 ἐφ’
1542 2219 1587 2258 οὗ
1613 2221 1714 2257 ἐστιν

357 2271 378 2308 ὁ
403 2272 498 2316 πρὸς
528 2270 572 2308 ὃν
604 2273 693 2314 τοὺς
719 2271 853 2319 λόγους
887 2271 1121 2317 ποιούμεθα,
1154 2270 1318 2316 τίθεμεν,
1357 2268 1538 2317 Λιβάνιος
1564 2270 1606 2306 ἐν
1632 2269 1713 2305 ἐκι-

358 2322 467 2367 στολῇ
489 2341 531 2346 -
555 2320 620 2356 καὶ
654 2318 768 2356 πάλιν
797 2319 838 2356 ἐν
865 2318 971 2369 ἑτέρᾳ
1002 2319 1096 2355 citat
1124 2318 1284 2363 Thomas
1313 2317 1413 2364 Mag.
1440 2328 1469 2353 ε.
1488 2328 1521 2353 v.
1541 2316 1713 2354 ἐνταῦθα

356 2371 488 2413 Ρ.134,
504 2371 546 2403 16
562 2367 595 2402 R
627 2367 633 2415 Ι
661 2367 742 2404 ἐπεὶ
766 2366 887 2403 Thom
961 2370 1006 2402 19
1031 2364 1069 2403 δ’
1094 2365 1198 2402 Wolf
