1806 2964
637 228 910 266 EPISTULAE
935 232 1128 266 404—405
1469 228 1560 272 399

181 344 227 388 ἐκ
251 345 486 402 τραγῳδιῶν
503 343 707 395 εἰώθαμεν
726 343 919 396 φάρμακα
938 343 1046 398 λύπῃ
1065 342 1295 397 προσάγειν,
1320 341 1451 382 πάντα
1475 340 1559 382 ἐδό-

181 426 264 460 κεις
290 427 355 464 μοι
389 410 512 450 πάλαι
537 425 576 450 τε
601 407 752 450 εἰδέναι
775 407 853 449 κᾶν
877 407 978 462 πρὸς
1002 407 1147 457 ἄλλους
1179 409 1316 449 εἰπεῖν.
1368 410 1407 449 3.
1433 406 1560 462 ἐλογι-

182 477 312 530 ζόμην
344 471 420 518 οὖν
458 476 538 527 ὅτι,
570 475 607 516 εἰ
638 473 710 528 μὲν
736 470 802 516 οἷά
827 490 867 515 τε
892 476 1184 526 κατακοιμίζειν
1210 473 1410 527 ἀθυμίαν,
1438 474 1560 522 αὐτὸς

183 543 279 600 ι’άσῃ
305 542 467 590 σαυτόν,
503 542 540 583 εἰ
570 537 608 582 δ’
631 541 705 594 οὐχ
730 536 797 582 οἷά
822 556 877 593 τε,
902 539 968 581 καὶ
993 537 1088 593 παρ’
1117 540 1240 582 ἄλλου
1266 540 1396 593 μάτην
1421 538 1473 580 ἂν
1499 539 1559 581 λε’-

182 623 305 664 γοιτο.
345 607 411 648 διὰ
436 613 559 648 ταῦτα
584 613 656 648 τοῦ
682 606 755 660 μὲν
774 605 1007 660 ἀφίσταμαι,
1033 607 1107 659 τὴν
1126 607 1315 661 διήγησιν
1334 606 1379 648 δέ
1397 619 1461 648 σοι
1479 613 1560 648 τῶν
1597 620 1620 647 5

183 674 428 730 πραγμάτων
447 673 690 726 ἀποδίδωμι,
714 672 741 714 ἃ
765 680 837 715 τοῦ
862 680 1055 727 χειμῶνος
1080 672 1242 726 συνέβη.
1285 675 1323 714 4.
1348 671 1561 726 ἠρξάμεθα

185 747 257 794 τῆς
282 752 318 782 σι
335 740 502 789 νουσίας
527 739 623 793 μετὰ
648 739 849 794 προλόγου
875 740 947 780 καί
969 755 1077 788 τινος
1101 738 1270 792 ἁμίλλης
1293 739 1395 794 πρός
1419 755 1457 780 τι
1481 746 1561 780 τῶν

184 805 494 860 Δημοσθένους.
538 802 590 859 ἧν
617 805 659 847 δὲ
685 803 707 846 ὁ
734 804 807 858 μὲν
836 807 971 860 Τύχην
997 805 1130 859 μονὴν
1155 806 1279 846 αἰτῶν
1303 806 1486 859 βεβαίαν,
1511 811 1559 862 τῇ

184 871 228 914 δὲ
258 872 403 930 ἁμίλλῃ
434 871 576 913 πολλαὶ
607 872 774 925 μορφαί.
824 871 892 913 καὶ
923 876 1174 926 προσῆλθον,
1212 871 1261 913 ἐπ
1283 872 1348 923 ιδὴ
1376 871 1561 925 ἀνέστην,

183 938 447 981 ἑπτακαίδεκα
465 938 560 980 νέοι.
593 939 765 980 Πλάτων
785 938 842 991 δέ,
862 935 988 992 οἶμαι,
1006 937 1172 992 ἠσθένει
1191 939 1393 992 Ζηνόβιος
1419 938 1440 980 ὁ
1466 955 1560 993 χρη-
1582 951 1619 977 ιο

184 1005 284 1054 στός.
323 1007 362 1046 5.
394 1005 526 1046 ἔπειτα
551 1004 628 1059 ἐγὼ
653 1003 727 1057 μὲν
750 1011 822 1045 τοῦ
849 1006 1052 1046 διδάσκειν
1077 1005 1254 1058 εἰχόμην,
1280 1005 1328 1046 τὰ
1354 1004 1397 1047 δὲ
1422 1005 1441 1046 ἑ
1449 1004 1561 1059 πέρ-

183 1086 289 1125 ρεεν
314 1071 481 1123 ἔθνεα,
515 1075 673 1112 πολῖται
697 1070 765 1111 καὶ
791 1069 898 1120 ξένοι
921 1070 990 1111 καὶ
1015 1071 1139 1128 ταύτῃ
1167 1070 1273 1120 ὅστις
1299 1072 1387 1124 εἴην
1413 1071 1563 1113 εἰδέναι

186 1137 406 1187 ἐθέλοντες.
443 1138 487 1179 τὸ
514 1136 587 1190 μὲν
611 1136 686 1192 γὰρ
712 1133 818 1178 εἶναί
841 1152 888 1189 με
915 1137 969 1190 μὴ
995 1143 1131 1178 κακῶν
1157 1137 1287 1191 λόγων
1313 1138 1562 1192 δημιουργὸν

188 1204 496 1258 συνεκεχώρητο,
522 1204 697 1258 θάτερον
722 1201 766 1244 δὲ
791 1202 1054 1256 ἐδοκιμάζετο.
1088 1205 1126 1243 6.
1152 1202 1220 1245 καὶ
1245 1204 1362 1252 ἔδοξα
1387 1208 1470 1253 τοῖς
1489 1203 1562 1257 μὲν

185 1269 261 1311 οὐκ
286 1266 390 1311 εἶναι
414 1270 538 1326 ταύτῃ
564 1271 720 1325 χείρων,
745 1274 829 1318 τοῖς
854 1268 898 1310 δὲ
922 1269 990 1310 καὶ
1015 1270 1193 1323 βελτίων,
1220 1265 1313 1310 ὥστ’
1336 1268 1380 1310 ἐν
1400 1269 1449 1311 οὐ
1468 1273 1560 1311 πολ·
1584 1280 1622 1308 15

257 1377 279 1409 8
307 1373 353 1409 cf.
373 1385 429 1419 ep.
452 1376 522 1409 283
599 1376 644 1409 10
663 1374 688 1409 t.
707 1373 725 1409 I
746 1376 826 1415 134,
842 1376 863 1408 6
885 1374 892 1419 Ι
914 1372 1013 1412 Plat.
1027 1373 1268 1419 Phaed.p.59
1278 1373 1318 1408 B.
1347 1372 1466 1410 Seeck
1491 1377 1562 1409 315

235 1425 279 1457 12
305 1421 347 1458 ll.
368 1423 388 1457 λ
414 1425 484 1458 ’124
554 1425 599 1458 13
625 1421 671 1458 cf.
692 1433 751 1468 ep.
774 1424 878 1457 1543.
905 1421 1082 1458 Aeschin.
1104 1420 1200 1458 Ctes.
1221 1434 1257 1468 p.
1279 1425 1337 1464 84,
1353 1425 1398 1458 36

255 1523 274 1555 1
300 1515 416 1555 πάντ’
445 1518 480 1554 V
497 1517 565 1554 sed
587 1515 598 1530 '
639 1529 684 1554 cx
711 1531 737 1554 α
769 1528 853 1554 corr
885 1517 954 1562 m‘,
979 1518 1069 1555 SVi
1172 1522 1194 1553 2
1220 1516 1294 1554 κᾶν
1325 1518 1460 1564 scripsi
1485 1529 1506 1554 e
1533 1520 1569 1555 V

1247 1580 1292 1613 γρ
1307 1580 1406 1602 κατα

197 1614 350 1652 VaSVi
373 1614 439 1649 καὶ
467 1614 678 1651 VoVindD
703 1614 779 1650 edd
841 1617 862 1649 3
889 1616 929 1650 et
953 1619 976 1649 4
996 1613 1060 1651 οἵα
1078 1614 1135 1650 Re
1209 1618 1229 1650 3
1251 1613 1568 1660 μετακοιμίζεινδ*

250 1667 272 1698 4
298 1662 385 1708 ἰάση
411 1663 448 1699 V
468 1662 535 1697 sed
560 1675 584 1707 η
611 1673 655 1698 ex
675 1673 731 1698 εισ
756 1673 840 1698 corr
862 1662 921 1698 ιη*
965 1665 972 1709 Ι
1017 1663 1082 1699 καὶ
1109 1674 1169 1699 om
1198 1664 1244 1699 Vi
1330 1667 1351 1697 5
1377 1664 1564 1698 διαταῦτα

199 1711 298 1747 Vina
371 1715 393 1746 6
420 1710 481 1746 lac
506 1714 527 1746 9
554 1709 620 1746 litt
644 1712 733 1746 ante
757 1710 958 1757 ἠρξάμεθα
986 1712 1021 1748 V
1090 1714 1110 1746 '¹1
1137 1710 1292 1757 ἁμίλλης
1318 1711 1365 1747 Vi
1422 1715 1443 1746 8
1464 1707 1512 1756 ἦν
1534 1711 1569 1746 V

192 1760 260 1795 sed
278 1761 294 1770 '⁴
315 1758 356 1794 in
381 1770 442 1794 ras
467 1758 525 1793 m⁴
563 1762 569 1805 Ι
603 1757 623 1794 ὁ
651 1758 684 1794 V
707 1758 774 1794 sed
800 1759 840 1794 in
864 1770 927 1794 ras
952 1759 1011 1794 m⁶
1039 1760 1046 1805 Ι
1085 1759 1212 1805 Τύχην
1237 1759 1358 1804 μονὴν
1383 1758 1517 1804 scripsi
1543 1770 1564 1794 c

199 1808 247 1844 Vi
283 1806 398 1854 εὐχὴν
423 1806 545 1852 μόνην
570 1806 709 1852 reliqui
734 1806 822 1842 libri
848 1807 913 1843 scd
935 1806 983 1853 ὴν
1002 1819 1047 1843 ex
1066 1813 1090 1852 ῆ
1110 1819 1194 1844 corr
1219 1808 1273 1844 V⁴
1299 1809 1337 1843 et
1362 1807 1483 1853 μονὴν
1502 1818 1564 1843 om

188 1855 228 1891 D
248 1855 293 1891 cf.
305 1866 363 1900 ep.
376 1859 446 1891 441
479 1857 486 1901 Ι
521 1854 610 1901 εὐχὴ
618 1854 744 1901 μονὴν
758 1855 813 1891 Re
847 1857 853 1900 Ι
887 1854 1047 1891 αἰτοῦσα
1064 1857 1100 1892 V
1120 1856 1186 1891 sed
1213 1860 1310 1891 οῦσα
1334 1855 1375 1890 in
1401 1861 1453 1891 ῶν
1480 1866 1566 1891 corr

189 1903 258 1948 ιη’,
286 1903 342 1940 Va
379 1903 495 1939 αἰτῶν
521 1902 550 1939 S
573 1903 638 1939 sed
666 1917 687 1949 γ
739 1903 832 1950 ἔχων
852 1914 1026 1949 suprascr
1094 1909 1114 1940 9
1135 1904 1187 1950 ἀμ
1190 1901 1268 1950 ίλλη
1297 1904 1343 1939 Vi
1354 1903 1452 1939 Vind
1470 1903 1562 1951 ἄλλῃ

189 1951 228 1987 D
254 1951 373 1987 lamb
406 1951 503 1987 Rich
592 1955 636 1987 10
668 1917 733 1998 oza.
734 1965 775 1987 αι
805 1952 958 1998 reposui
984 1963 1006 1987 e
1037 1951 1146 1988 libris
1162 1917 1268 1988 coll⁷²
1285 1951 1472 1987 Plat.1.1.
1499 1965 1565 1998 μοι

190 2000 265 2036 edd
304 2002 311 2046 Ι
344 2013 390 2046 γρ
410 2000 477 2036 καὶ
502 2000 590 2035 ante
615 1999 789 2044 ζηνόβιος
812 1999 916 2035 inser
939 2000 970 2037 S
1006 2002 1012 2046 Ι
1051 1998 1166 2041 καλός
1191 2000 1220 2036 S
1243 2000 1309 2035 sed
1337 2013 1381 2045 γρ
1406 1999 1565 2047 χρηστός

191 2058 366 2095 supra-scr
417 2052 460 2084 11
488 2046 618 2083 ἔπειτα
639 2049 675 2084 V
696 2047 762 2083 sed
788 2059 834 2083 cx
861 2047 943 2084 ἐπεὶ
969 2060 1053 2084 corr
1071 2050 1126 2083 m
1149 2050 1156 2095 Ι
1177 2048 1224 2084 τὰ
1245 2047 1286 2084 δὲ
1309 2049 1343 2085 V
1364 2051 1431 2083 sed
1450 2048 1491 2083 in
1515 2048 1567 2084 τά

190 2130 228 2167 δ’
252 2142 337 2168 corr
359 2131 419 2167 m‘
452 2131 540 2168 τάδ’
570 2133 617 2168 Vi
691 2134 736 2167 12
760 2109 879 2178 ταύτῃ
880 2110 1021 2179 MS}
1000 2146 1050 2168 αν
1081 2132 1170 2168 ante
1196 2131 1278 2177 εἴην
1303 2132 1333 2169 S
1405 2136 1448 2167 13
1476 2131 1562 2168 ἐθέ-

190 2181 318 2222 λοντες
343 2180 379 2216 V
398 2180 465 2215 sed
492 2180 510 2216 ὲ
535 2182 652 2226 antep
677 2179 736 2215 m‘
770 2179 948 2222 θέλοντες
976 2181 1032 2217 Va
1043 2180 1201 2216 VoVind
1226 2180 1299 2216 edd
1322 2182 1376 2226 Ιμ
1378 2193 1394 2214 ε
1419 2180 1562 2215 inserui

190 2238 212 2263 ο
237 2229 273 2265 V
293 2227 360 2264 sed
386 2226 490 2264 inser
520 2228 588 2273 m‘,
620 2228 650 2265 S
684 2239 746 2263 om
772 2228 891 2264 VaVo
902 2229 1048 2265 Vivum
1078 2227 1196 2263 Lamb
1224 2227 1318 2263 Rich
1344 2227 1453 2264 Wolf
1479 2230 1485 2274 Ι
1519 2226 1565 2264 τό

190 2289 235 2322 με
259 2275 332 2322 γὰρ
352 2272 451 2312 εἶναι
470 2275 520 2322 μὴ
539 2276 596 2313 Re
613 2275 670 2311 De
691 2275 854 2312 Zenobio
874 2288 910 2322 p.
931 2276 992 2313 XI.
1015 2279 1021 2321 1
1043 2275 1165 2312 κακὸν
1183 2276 1239 2312 Re
1258 2276 1417 2312 fortasse
1435 2276 1560 2324 recte}

191 2323 424 2370 δημιουργὸν
448 2323 488 2359 in
508 2335 618 2371 marg
638 2323 804 2361 inserV‘
879 2328 924 2359 14
944 2325 1220 2372 ξυνεκεχὼρητο
1237 2324 1277 2360 D
1303 2325 1565 2371 συγκεχώρητο

191 2419 308 2455 lamb
329 2418 425 2455 Rich
485 2422 529 2455 15
555 2421 625 2456 οὐκ
647 2369 1053 2467 εἷνέιύτχαῗῖηπχέίῗιιῖἱ
1077 2420 1106 2457 S
1126 2422 1132 2466 Ι
1153 2418 1288 2467 χείρων
1311 2419 1429 2466 ταύτη
1458 2420 1560 2457 Vina

299 2481 345 2514 γρ
358 2465 446 2503 ὥστ’

195 2515 259 2562 Du
283 2513 395 2552 ἔπειτ’
420 2515 450 2553 S
484 2513 602 2553 ἔπειτ’
634 2517 682 2552 Vi
721 2515 812 2553 ὥστε
837 2516 913 2552 cdd
