1806 2964
296 215 384 257 594
884 214 1031 250 LIBAN
1035 214 1069 249 11

296 341 437 380 γοντος
461 321 558 378 ἧκεν
582 325 767 377 ἐπιστολὴ
804 324 965 379 δευτέρα
989 325 1144 367 Κέλσου
1180 325 1301 378 μέσου
1336 333 1415 367 τῶν
1445 326 1661 369 ἐπιστολῶν

297 391 485 444 ἥκοντος·
511 390 600 443 περὶ
630 389 703 443 μὲν
734 390 809 446 γὰρ
841 390 994 444 ἐκείνης
1025 390 1146 444 ἤκουε
1178 387 1272 446 παρ’
1294 391 1413 444 ἐμοῦ,
1443 392 1594 446 ταύτην
1617 391 1661 434 δὲ

299 455 523 510 ἐνεχείριζεν
549 456 668 504 αὐτὸς
692 455 736 498 ἐν
761 457 958 514 βαλανείῳ
983 456 1072 511 περὶ
1098 458 1368 511 μεσημβρίαν·
1400 464 1562 499 τοιαῦτα
1585 457 1661 513 γάρ

300 536 368 575 μοι
399 524 616 574 νομοθετεῖ
640 527 711 574 τῆς
741 525 918 574 κεφαλῆς
948 520 974 574 ἡ
1006 522 1136 572 νόσος.
1187 525 1224 563 4.
1252 523 1446 576 θαυμάζω
1478 521 1521 564 δὲ
1552 523 1589 564 εἰ
1617 523 1661 565 τὸ

264 601 281 627 ι
300 593 379 627 τῶν
402 586 506 627 νέων
531 586 820 641 ἀποκεκρίσθαι
846 602 892 640 με
924 594 1001 628 νῦν
1032 586 1237 641 ὀνομάζεις
1262 588 1408 642 σχολὴν
1433 589 1563 644 ὥσπερ
1588 588 1663 630 οὐκ

299 652 451 694 ἐννοῶν
483 652 543 693 ὅτι
575 648 681 693 τοῦτ’
711 652 808 694 αὐτὸ
840 652 934 702 τοὺς
964 651 1108 702 ἄλλους
1140 652 1239 706 ἡμῖν
1269 653 1405 708 ἐπάγει
1435 654 1479 696 τὸ
1511 653 1559 695 τὰ
1582 660 1662 695 τῶν

301 716 402 759 νέων
426 715 646 771 ἡσυχάζειν.
673 716 767 758 οὐδὲ
791 718 866 773 γὰρ
892 719 949 768 εἰς
979 718 1156 768 ἐκείνους
1180 719 1284 760 ἔστιν
1308 718 1406 772 ἡμῖν
1431 719 1663 775 ἀναχωρεῖν,

303 780 388 824 ἀλλ’
411 782 566 838 ἀνάγκη
598 782 745 838 τρέχειν
777 782 804 837 ἢ
835 784 1016 838 πονηρὸν
1048 780 1150 825 εἶναι
1181 785 1326 826 δοκεῖν.
1368 788 1406 825 5.
1433 785 1563 839 ὥσπερ
1588 779 1664 827 οὖν

303 849 439 902 ἅτερος
469 852 555 889 τοῖν
586 847 796 889 σκοπέλοιν
827 844 884 890 ὧν
905 846 1082 904 Ὅμηρος
1111 850 1298 903 ἐμνήσθη
1331 850 1567 892 καλύπτεται
1590 850 1664 903 τὴν

252 929 286 956 ιο
303 913 491 967 κορυφὴν
516 914 695 966 διηνεκεῖ
711 913 879 972 νεφέλῃ,
909 916 1036 964 οὕτως
1060 915 1147 969 ἐμοὶ
1181 917 1422 971 πραγμάτων
1453 915 1567 970 ὄχλος
1590 914 1663 957 ἀεί.

302 979 365 1020 σοὶ
391 976 447 1032 δ’,
472 979 509 1021 εἰ
533 978 605 1032 μὲν
625 975 724 1021 ἀνθ’
746 978 861 1033 ἡμῶν
886 979 1004 1034 ἀρκεῖ
1022 980 1070 1022 τὰ
1089 981 1249 1035 δένδρα,
1275 981 1414 1023 σκόπει
1439 981 1540 1036 πρὸς
1565 993 1664 1022 σαυ-

304 1045 373 1086 τὸν
399 1045 436 1086 εἰ
464 1048 594 1094 καλῶς
623 1044 751 1099 ἀρκεῖ·
784 1045 823 1086 εἰ
846 1044 888 1087 δὲ
914 1045 981 1087 καὶ
1006 1044 1031 1100 ἡ
1057 1053 1128 1088 τοῦ
1154 1047 1310 1100 Μήδου
1341 1048 1539 1096 πλάτανος
1573 1047 1665 1087 δευ-

306 1110 394 1166 τέρα
419 1117 497 1152 τῶν
522 1111 666 1164 φίλων,
691 1110 792 1169 ἔργῳ
818 1112 961 1161 δεῖξον.
1679 1117 1681 1119 ’

231 1260 279 1295 W
308 1264 376 1297 56⁶
937 1253 1033 1309 χνα’.

251 1354 285 1379 ιν,
808 1333 1019 1395 Ἀκακίῳ.
1052 1347 1157 1392 (361)

369 1424 406 1462 1.
433 1421 494 1461 Εἴ
513 1436 581 1474 μοι
604 1420 652 1462 τὰ
681 1422 856 1476 Κροίσου
880 1422 1060 1475 χρήματα
1083 1422 1151 1463 καὶ
1175 1423 1322 1478 χρυσὸν
1347 1423 1416 1465 τὸν
1441 1423 1575 1478 Γύγου
1600 1422 1668 1465 καὶ

306 1485 362 1526 ἔτι
385 1486 456 1528 τὸν
481 1487 624 1528 Μίδου
649 1493 720 1528 τοῦ
749 1487 933 1542 Φρυγός,
958 1483 1008 1528 οὗ
1032 1487 1106 1542 τὴν
1130 1489 1262 1543 χώραν
1292 1495 1369 1530 νῦν
1399 1504 1437 1530 τε
1472 1483 1517 1530 εὖ
1542 1481 1668 1538 ποιεῖς

307 1550 374 1592 καὶ
398 1552 592 1606 πρότερον
616 1551 886 1602 ἐποίεις-οὐ
910 1554 1103 1611 θαυμάσῃ
1129 1553 1185 1606 δέ,
1211 1550 1335 1607 οἶμαι,
1360 1554 1403 1596 τὸ
1428 1554 1496 1596 καὶ
1519 1561 1597 1596 νῦν
1620 1549 1667 1596 εὖ

384 1677 426 1708 14
458 1673 526 1709 Vl!
547 1673 594 1720 β’
619 1673 698 1719 μθῖ
736 1674 794 1710 Va
819 1674 860 1718 ζ’,
894 1673 957 1717 λζ.
1000 1674 1054 1710 Vo
1079 1674 1155 1720 (ζ’),
1186 1673 1248 1718 λζ.
1281 1676 1358 1712 Μο.
1382 1675 1412 1712 S
1433 1675 1480 1720 δ’,
1506 1675 1576 1720 ξοί.
1621 1676 1669 1713 Vi

310 1719 438 1768 [ρπη’].
473 1721 572 1757 Vind
590 1722 675 1766 ρλῖ.
701 1722 740 1757 D
766 1720 866 1766 ρνθ’.
894 1722 970 1758 Ath

382 1833 400 1863 1
429 1827 546 1863 Seeck
574 1831 641 1864 105
725 1831 746 1863 9
773 1827 888 1875 Οᾶ.μ
908 1833 952 1865 78
1038 1833 1080 1865 11
1109 1829 1205 1867 Plat.
1225 1829 1383 1867 leedr.
1404 1843 1440 1877 p.
1461 1830 1571 1866 2801)

313 1878 354 1910 12
381 1874 512 1911 Xerxis
538 1875 585 1911 of.
605 1875 751 1912 Aelian.
777 1887 853 1912 var.
872 1876 957 1913 hiat.
979 1876 1013 1913 11
1033 1881 1088 1913 14.
1108 1877 1160 1913 IX
1179 1882 1224 1914 39
1297 1882 1340 1914 15
1367 1878 1510 1914 Sievern
1536 1881 1617 1922 257,
1633 1881 1666 1913 3.

310 1922 428 1958 Seeck
454 1926 510 1960 38.
531 1926 600 1959 886
677 1928 720 1960 16
733 1935 789 1970 eq.
810 1923 1009 1961 Salmann
1036 1928 1144 1971 2osq.

386 2039 404 2071 1
432 2036 590 2081 demina
615 2047 676 2072 om
701 2037 755 2084 St
776 2036 890 2083 μέσον
917 2037 1023 2075 VMo
1064 2036 1178 2084 μέσον
1205 2039 1257 2075 Vo
1282 2038 1348 2074 eod
1373 2049 1394 2075 e
1418 2051 1488 2084 μεν
1506 2049 1589 2076 oon
1611 2039 1670 2075 111⁸

359 2087 380 2119 2
408 2082 545 2128 ἤκουον
572 2084 628 2121 Va
647 2088 654 2128 1
674 2085 791 2130 ταύτῃ
793 2099 815 2120 ν
840 2084 974 2131 scripsi
998 2095 1019 2121 e
1047 2086 1092 2122 Vi
1114 2088 1159 2122 ut
1182 2086 1267 2122 coni
1292 2086 1347 2123 Rae
1388 2092 1508 2123 ταῦτα
1529 2085 1668 2133 reliqui

311 2130 401 2166 libri
408 2097 535 2167 nwolf
610 2135 630 2166 3
656 2132 752 2177 πρὸς
777 2133 824 2169 Vi
903 2137 922 2168 7
950 2132 1039 2178 ἡμῖν
1063 2133 1164 2170 ἐστὶν
1197 2134 1249 2170 W
1321 2137 1343 2171 8
1368 2134 1418 2177 ὡς
1443 2134 1573 2171 ViAth

315 2181 359 2214 10
383 2178 630 2225 ἐπικρέμαται
654 2182 742 2226 pout
766 2180 828 2216 ἀεὶ
852 2180 1038 2217 excidisse
1063 2182 1191 2217 censet
1215 2181 1270 2217 Re
1345 2174 1388 2218 11
1420 2181 1464 2218 σὺ
1490 2183 1539 2219 Vi
1557 2185 1564 2228 Ι
1585 2180 1668 2218 δέν-

313 2227 386 2271 δρα
411 2226 468 2263 Va
493 2226 559 2262 sed
584 2225 672 2272 ἐνδρ
674 2241 700 2263 α
725 2227 837 2274 suppl
860 2228 917 2263 m*
946 2229 952 2274 Ι
974 2226 1104 2265 σκόπει
1132 2229 1186 2265 Va
1210 2230 1277 2265 sed
1300 2228 1342 2265 in
1365 2229 1447 2266 ἐπεὶ
1471 2241 1553 2266 corr
1576 2229 1673 2312 1:1⁸¹}

314 2273 452 2310 σαυτὸν
470 2274 605 2321 scripsi
618 2273 754 2312 ἑαυτὸν
763 2276 855 2312 VVo
863 2275 968 2313 Mos
978 2276 1025 2313 Vt
1034 2276 1110 2312 Ath
1145 2276 1303 2314 σεαυτὸν
1331 2277 1386 2314 Va
1394 2277 1540 2314 VinaD
1564 2276 1637 2312 Wo

346 2325 388 2356 12
415 2322 525 2382 εί(2)]
550 2322 574 2368 ἡ
601 2323 670 2359 Mo
690 2324 697 2369 Ι
718 2323 783 2359 καὶ
807 2323 832 2370 ἡ
855 2329 924 2360 τοῦ
948 2322 1000 2369 μή
1024 2323 1086 2359 del
1103 2323 1162 2361 Va
1182 2326 1189 2371 Ι
1215 2323 1329 2371 μίδου
1353 2324 1446 2361 VVo
1461 2325 1620 2362 WVind

316 2373 359 2404 15
378 2367 542 2417 Μαξίμου
643 2373 688 2406 16
705 2370 786 2418 τὸν]
805 2376 872 2407 τοῦ
891 2370 1079 2408 SVindD
1113 2371 1181 2409 τὸν
1197 2378 1266 2409 τοῦ
1287 2373 1338 2409 Vo
1356 2371 1464 2408 Wolf
1521 2375 1565 2408 17
1583 2371 1667 2420 τὸν]

313 2422 381 2452 τοῦ
409 2383 556 2454 Vind'D
576 2419 583 2463 Ι
604 2417 727 2464 μήδου
745 2419 821 2455 Ath
841 2419 848 2465 Ι
869 2417 1012 2465 φρυγὸς
1032 2418 1068 2455 V
1085 2419 1152 2455 ted
1177 2432 1198 2456 ο
1218 2431 1300 2456 corr
1317 2419 1373 2455 m‘
1394 2421 1400 2466 Ι
1422 2425 1492 2456 νῦν
1515 2419 1586 2466 τὴν
1596 2419 1667 2467 χώ·

316 2477 387 2508 ραν
401 2462 482 2502 εὗδ’
498 2465 563 2501 sed
583 2479 629 2512 γρ
646 2465 716 2512 τὴν
734 2467 863 2513 χώραν
879 2472 951 2503 νῦν
974 2480 1014 2503 τε
1039 2477 1213 2512 suprascr
1233 2469 1240 2514 Ι
1261 2473 1400 2505 mom
1415 2468 1456 2504 D
1505 2470 1550 2503 18
1567 2469 1668 2503 θαυ-
