1806 2964
627 213 900 251 EPISTULAE
926 216 1118 250 τεο-322
1217 226 1219 228 -
1471 211 1557 256 301

182 327 376 381 Μάξιμος
406 326 481 382 γὰρ
513 325 536 367 ὁ
573 330 764 381 γενναῖος
793 325 862 368 καὶ
892 332 965 367 τοῦ
997 326 1156 367 δικαίου
1187 325 1256 367 καὶ
1293 323 1410 379 ἡμῶν
1444 325 1561 379 χάριν

182 394 277 443 τοὺς
302 392 375 447 μὲν
400 394 548 443 σείσας,
572 392 642 434 τὸν
668 391 711 434 δὲ
736 392 856 434 ἐλεῶν
880 391 960 434 ἀπὸ
985 399 1066 433 τῶν
1090 391 1138 433 τὰ
1170 391 1356 446 ἀλλότρια
1379 406 1560 445 καρπου-

186 459 318 512 μένων
343 458 407 500 ἐπὶ
431 459 502 501 τὸν
526 458 571 500 ἐκ
595 465 676 499 τῶν
699 459 838 512 νόμων
862 458 1004 512 κύριον
1036 458 1267 511 μεταστήσει
1297 457 1372 510 τὴν
1403 456 1549 498 οὐσίαν

819 599 916 644 τκα’.
1486 608 1536 643 w
1563 612 1633 647 ³24

665 687 933 745 Κληματίῳ.
965 691 1074 734 (357)
1597 700 1614 727 ⁸

245 776 284 813 1.
310 771 423 825 Πρὸς
436 771 648 825 Δυνάμιον
666 770 813 827 ἤρξατο
832 770 906 825 μὲν
920 768 1123 824 Ἀθήνησί
1139 786 1208 824 μοι
1226 771 1356 824 φιλία,
1374 770 1559 825 προσθή-

180 853 261 891 κην
286 836 329 880 δὲ
353 837 468 892 ἔλαβε
493 844 585 890 νῦν,
609 837 747 890 ἐπειδή
773 850 816 879 σε
847 838 959 891 ἥκων
984 833 1132 896 ἐπῄνει.
1164 837 1375 891 γράμματα
1406 835 1449 878 δὲ
1475 835 1559 894 ᾔτει

182 899 277 958 παρ’
305 903 406 957 ἐμοῦ
435 903 537 956 πρὸς
569 902 632 954 σέ,
662 903 792 945 ἔδωκα
817 899 854 943 δ’
883 902 936 944 ἂν
969 902 1038 944 καὶ
1069 903 1124 957 μὴ
1160 903 1357 955 αἰτοῦντι,
1390 901 1454 943 σοὶ
1487 901 1560 955 μὲν

182 970 292 1019 ὅπως
324 970 584 1024 χαρισαίμην,
616 970 686 1012 τὸν
717 966 756 1011 δ’
785 970 895 1019 ὅπως
925 968 978 1010 ἂν
1008 970 1127 1022 ἥδιον
1159 966 1301 1026 ὁρῴης.
1345 971 1384 1009 2.
1410 967 1491 1009 ἔστι
1516 966 1560 1009 δὲ

180 1035 251 1078 καὶ
282 1026 468 1093 Εὐσεβίῳ
500 1035 732 1094 βουλομένῳ
768 1035 840 1078 τὸν
869 1034 1001 1090 ἄνδρα
1030 1034 1163 1090 τυχεῖν
1199 1035 1381 1088 εὐνοίας,
1411 1041 1482 1075 τοῦ
1515 1033 1559 1075 δὲ
1580 1049 1615 1077 ιο

181 1101 386 1156 Εὐσεβίου
410 1102 531 1157 λόγον
556 1096 602 1143 εὖ
627 1108 757 1143 ποιῶν
776 1101 948 1157 ὅσονπερ
967 1100 1066 1155 ἐμοῦ
1084 1108 1194 1159 ποιῇ.
1219 1099 1462 1155 ἀμφοτέροις
1481 1094 1559 1141 οὖν

180 1167 297 1222 χάριν
331 1167 403 1218 δὸς
436 1167 504 1209 καὶ
541 1168 611 1210 τόν
643 1183 688 1223 γε
725 1169 937 1221 Δυνάμιον
970 1167 1233 1222 ἀμειβόμενος
1265 1174 1346 1209 τῶν
1381 1167 1559 1208 ἐπαίνων

180 1231 430 1289 ἡμερώτερος
454 1234 618 1287 φάνηθι
642 1238 696 1291 τῷ
721 1241 940 1287 κοσμοῦντι
963 1234 1039 1287 τὴν
1065 1233 1236 1288 Πέτραν.

820 1389 915 1446 τκβ’.
1485 1395 1535 1430 W
1561 1399 1632 1432 325

680 1479 750 1533 Τῷ
781 1475 918 1533 αὐτῷ.
951 1480 1060 1524 (357)
1577 1485 1613 1514 1⁸

245 1565 283 1600 1.
309 1559 475 1612 Βοηθὸς
505 1558 527 1602 ὁ
557 1555 654 1615 παρ’
682 1558 781 1614 ἡμῖν
818 1559 970 1613 ἔφησεν
1006 1559 1133 1602 αὑτοῦ
1163 1560 1234 1602 τὸν
1270 1558 1421 1614 πατέρα
1451 1562 1558 1611 Βοη-

181 1623 264 1666 θὸν
305 1626 503 1679 βοηθείας
545 1626 654 1682 παρὰ
701 1633 776 1668 σοῦ
816 1631 959 1681 τυχεῖν.
997 1625 1065 1668 καὶ
1095 1623 1209 1684 ᾔδειν
1246 1641 1290 1681 γε
1337 1625 1396 1666 ὅτι
1433 1621 1553 1666 τοῦθ’

253 1757 278 1790 4
309 1754 362 1791 Vl
382 1753 431 1813 γ’,
455 1753 519 1790 ια’.
554 1755 610 1791 Va
634 1754 682 1795 δ’.
709 1755 771 1791 ια’.
807 1755 858 1791 Vo
883 1755 932 1800 δ’,
964 1754 1018 1791 ια’
1119 1758 1162 1790 14
1196 1754 1247 1790 V!
1271 1753 1317 1801 γ’,
1342 1754 1391 1801 ιβ.
1426 1754 1483 1790 Va
1509 1752 1557 1797 δ’,

183 1799 245 1837 ιβ’.
278 1801 332 1838 Vo
357 1803 405 1846 δ,
432 1802 483 1850 ιβ’

255 1903 277 1933 ὁ
303 1898 449 1935 Sievere
476 1902 605 1942 241‚4.
631 1898 749 1935 Seeck
776 1903 856 1936 111.
883 1903 966 1937 342.
992 1898 1161 1936 Silomon
1187 1901 1209 1934 9
1274 1902 1319 1934 10
1344 1897 1464 1934 Seeck
1489 1901 1557 1934 143

182 1944 536 2030 Xffglseggkcffp.
556 1950 638 1983 532.
659 1946 804 1983 Sievers
825 1951 957 1992 241‚4.
985 1946 1105 1984 Seeck
1120 1950 1282 1984 111.845
1322 1946 1488 1982 Silomon
1513 1949 1558 1981 10

256 2093 278 2125 2
303 2091 393 2132 τοὺς
419 2091 465 2126 Π
489 2090 556 2127 sed
581 2091 632 2127 αὐ
658 2091 816 2137 antepos
841 2091 899 2127 m³
937 2093 944 2137 1
995 2091 1148 2139 ἐλεήσας
1174 2093 1222 2128 Vi
1318 2094 1340 2126 3
1365 2096 1442 2127 τῶν
1469 2092 1558 2126 ante

182 2185 250 2222 τὸν
275 2185 323 2222 Vi
347 2185 414 2222 sed
440 2185 502 2222 del
527 2186 585 2222 m⁸
605 2187 611 2232 Ι
632 2184 700 2224 τὸν
727 2187 843 2223 Veed
864 2185 885 2224 ὸ
906 2197 952 2223 ex
970 2192 1000 2223 ὣ
1026 2197 1110 2223 corr
1133 2187 1191 2223 m⁸
1210 2138 1511 2241 ἷίοιιιτεοῖἴέτξὲἕιείς

184 2236 205 2268 7
232 2232 364 2281 ἔλαβεν
390 2234 448 2271 Va
539 2238 561 2271 8
586 2234 637 2282 μὴ
664 2235 701 2272 V
720 2235 785 2271 sed
812 2235 835 2282 ὴ
861 2246 945 2272 corr
968 2235 1026 2271 m‘
1113 2239 1134 2271 9
1159 2232 1270 2272 τόνδ’
1299 2234 1390 2271 libn
1416 2233 1525 2270 Wolf
1533 2235 1558 2305 ὲ

183 2315 296 2364 ἥδιον
319 2318 473 2364 reposui
497 2329 519 2355 ο
543 2317 653 2354 libris
689 2318 810 2365 ἡδίων
835 2318 945 2356 Wolf
965 2320 1007 2355 at
1026 2330 1110 2355 corr
1129 2319 1215 2355 Add
1235 2322 1303 2355 861
1382 2321 1427 2354 10
1447 2283 1530 2356 6:15⁰

192 2389 229 2424 V
247 2388 315 2424 sod
339 2380 388 2434 ρα
407 2389 486 2426 add
504 2390 562 2425 m⁸
611 2394 654 2426 11
675 2395 766 2438 ποιῇ
787 2390 921 2437 scripsi
957 2397 1061 2428 ποιεῖ
1085 2391 1121 2427 V
1140 2391 1208 2427 sed
1226 2397 1264 2428 εἴ
1279 2401 1362 2427 corr
1379 2390 1438 2426 m⁶
1456 2389 1558 2427 ποίει

191 2436 310 2474 VaVo
334 2437 400 2473 sed
425 2438 464 2474 in
491 2437 562 2474 hoe
586 2443 611 2485 ἦ
636 2450 752 2485 supra
777 2452 810 2476 ιι
835 2440 903 2484 m⁸‚
930 2438 1039 2475 Wolf
1071 2445 1175 2476 ποιεῖ
1192 2441 1260 2475 aut
1284 2444 1374 2486 ποιῇ
1402 2440 1487 2475 coni
1502 2439 1558 2475 Re

234 2488 279 2520 12
305 2484 373 2527 δός
399 2486 434 2522 V
454 2485 520 2522 sed
546 2484 588 2527 ός
612 2497 658 2522 ex
683 2492 733 2528 ῶς
758 2498 841 2523 oon·
865 2487 922 2522 m⁶
1017 2491 1062 2522 15
1091 2486 1258 2534 Φιρμίνω
1282 2489 1368 2523 coni
1389 2486 1557 2523 Silomon
