1806 2964
262 221 285 263 7
294 221 349 263 14
846 220 1029 256 LIBANII

254 331 354 373 ἄλλο
386 331 482 385 μετὰ
515 339 588 373 σοῦ
614 331 738 372 πολλὰ
770 331 820 385 δὴ
852 330 1088 384 λελουμένον
1113 332 1335 373 Μελιτίδου
1361 333 1487 381 δεῖξαι
1511 347 1618 383 φαυ-

260 397 431 452 λότερον.
467 400 505 438 3.
530 397 606 452 ἐγὼ
632 396 675 439 δέ
699 409 741 438 σε
766 395 833 437 καὶ
857 403 935 437 νῦν
959 396 1026 438 καὶ
1043 397 1164 437 πάλαι
1185 400 1423 450 φιλοσοφεῖν
1441 395 1618 450 ἡγοῦμαι

260 462 327 503 καὶ
357 469 435 504 νῦν
465 461 538 516 μὲν
570 462 664 511 ἴσως
693 463 814 503 πλείω
846 462 1105 517 συγγράφειν,
1136 462 1184 503 τὰ
1218 461 1260 503 δὲ
1290 465 1344 519 τῷ
1366 463 1441 520 βίῳ
1466 462 1616 516 προσή-

260 544 384 569 κοντα
406 527 475 570 καὶ
498 527 677 582 πρόσθεν
701 526 957 581 τετηρηκέναι
979 527 1048 568 καὶ
1071 526 1260 582 γενέσθαι
1284 542 1327 582 γε
1353 528 1468 580 μείζω
1493 527 1617 581 βάσα-

218 609 243 635 5
266 610 337 635 νον
361 600 433 647 τῆς
456 593 663 649 παρούσης
687 592 855 645 ἐκείνην.
892 592 942 633 οὐ
966 592 1040 647 γὰρ
1060 593 1149 634 ἴσον
1168 592 1240 642 ἔξω
1259 592 1499 647 πραγμάτων
1523 590 1618 633 ὄντα

260 664 343 709 τοῖς
367 659 508 712 νόμοις
531 659 748 707 Πλάτωνος
771 657 953 711 ἐμμένειν
977 658 1044 698 καὶ
1067 661 1225 699 πολλῶν
1249 657 1516 712 ἐνοχλούντων
1541 673 1617 710 μη-

263 726 392 777 δαμοῦ
417 726 654 778 βιασθῆναι.
698 727 739 764 4.
765 723 950 777 μαθητὰς
975 721 1018 764 δὲ
1042 723 1213 772 πολλοὺς
1237 722 1424 776 ἀριθμῶν
1447 722 1619 770 πολλοὺς

261 790 503 842 εὐδαίμονας
527 788 664 844 λέγεις,
688 785 749 838 οἷς
773 788 852 829 ἔστι
877 787 949 841 μὲν
973 788 1047 841 τὴν
1070 787 1266 840 ἀλήθειαν
1291 789 1439 842 λαβεῖν,
1470 787 1550 828 ἔστι
1575 785 1617 828 δὲ

262 851 343 908 μετ’
378 854 532 908 ἐκείνης
561 855 618 904 εἰς
648 854 883 909 εὐγλωττίαν
914 853 1136 895 ἐπιδοῦναι.
1179 852 1300 907 ἄμφω
1324 853 1398 908 γὰρ
1430 853 1479 906 δὴ
1511 852 1617 907 παρὰ

203 936 244 962 ιο
263 920 326 961 σοὶ
349 920 397 962 τὰ
422 921 652 972 Πλάτωνος,
675 919 839 975 γενναῖά
863 934 903 960 τε
928 920 1086 968 διδάξαι
1104 919 1170 960 καὶ
1188 919 1336 976 γλώττῃ
1355 921 1469 975 καλῇ.
1505 914 1615 958 ταῦτ’

262 982 346 1026 οὔτ’
381 984 604 1040 ἀγνοοῦμεν
634 985 723 1027 οὔτε
749 992 933 1039 σιγῶμεν,
964 982 1049 1025 ἀλλ’
1079 984 1238 1038 ὅσοιπερ
1269 983 1366 1037 ἡμῖν
1390 984 1446 1032 εἰς
1477 983 1618 1038 λόγους

260 1047 406 1105 ἦλθον,
430 1050 497 1091 καὶ
521 1051 712 1092 τοιούτων
736 1050 865 1105 λόγων
889 1049 1130 1099 ἀκούσαντες
1154 1049 1354 1103 ἀπῆλθον.
1406 1051 1619 1090 5.’παῦσαι

263 1116 313 1168 δὴ
339 1117 528 1157 τοιούτων
553 1115 768 1157 ἐπιστολῶν
792 1115 858 1156 καὶ
883 1115 1014 1168 νόμιζέ
1040 1131 1085 1167 με
1104 1114 1364 1170 γεγηρακέναι
1383 1113 1469 1167 μέν,
1493 1129 1618 1167 παρα·
1652 1152 1655 1155 ,

263 1185 429 1236 φρονεῖν
455 1180 498 1223 δὲ
523 1180 647 1222 οὔπω.

185 1284 240 1319 w
267 1288 336 1321 704
890 1275 1002 1328 wqd‘.

210 1375 244 1402 ιο
712 1357 883 1414 Ἀλβαν
893 1362 958 1418 ίῳ.
1010 1368 1179 1414 (362]63)

329 1449 365 1486 1.
396 1444 480 1485 Καὶ
510 1449 593 1493 τοῖς
622 1444 825 1499 γράμμασί
853 1456 927 1484 σου
958 1444 1079 1498 χαίρω
1110 1442 1177 1483 καὶ
1207 1442 1310 1483 πολὺ
1340 1441 1531 1496 πρότερον
1561 1436 1622 1489 οἷς

263 1515 400 1560 ποιεῖς.
439 1509 573 1551 ἀκούω
596 1510 670 1564 γάρ
696 1522 738 1551 σε
763 1509 829 1550 καὶ
847 1509 921 1562 τὴν
940 1509 1082 1551 οὐσίαν
1101 1507 1279 1562 συνέχειν
1297 1506 1364 1548 καὶ
1383 1504 1620 1560 λειτουργεῖν

265 1575 391 1629 ἡδέως
425 1575 493 1617 καὶ
522 1575 596 1629 τὴν
626 1582 697 1616 τοῦ
724 1575 928 1616 δύνασθαι
953 1574 1079 1629 λέγειν
1105 1574 1226 1622 δόξαν
1252 1571 1462 1627 συλλέγειν.
1501 1575 1540 1612 2.
1565 1571 1618 1624 μὴ

206 1655 247 1681 20
266 1643 403 1682 τοίνυν
429 1641 639 1697 ἀποκάμῃς
664 1640 811 1682 σαυτόν
835 1655 874 1681 τε
900 1639 1067 1692 ὠφελῶν
1091 1639 1158 1680 καὶ
1183 1638 1265 1691 ἐμέ·
1293 1638 1336 1679 τὸ
1360 1637 1436 1693 γὰρ
1461 1636 1558 1678 αὐτὸ
1578 1635 1620 1678 σὲ

266 1706 338 1760 μὲν
362 1706 406 1748 ἐν
425 1711 507 1756 τοῖς
525 1707 701 1756 πολίταις
719 1706 950 1758 καταστήσει
971 1705 1157 1756 δυνατόν,
1181 1703 1264 1754 ἄξει
1289 1702 1331 1744 δὲ
1357 1702 1411 1753 ὣς
1435 1701 1501 1755 ἐμὲ
1526 1701 1620 1750 τοὺς

264 1772 426 1814 ἐκείνων
452 1773 562 1821 υἱεῖς.

339 1903 383 1934 15
416 1900 483 1935 Vn
505 1898 551 1946 β’,
576 1898 648 1946 Qq'.
682 1899 737 1934 Va
762 1897 802 1941 ζ,
828 1897 928 1942 ρποί.
961 1898 1014 1934 Vo
1039 1896 1108 1943 (ζ’),
1134 1895 1234 1942 ρποί.
1259 1895 1336 1932 Αελι

340 2022 357 2053 1
387 2018 432 2054 of.
453 2017 501 2053 ad
520 2028 578 2064 ep.
599 2021 657 2053 61.
684 2015 883 2053 Salzmsnn
908 2019 953 2051 29
1028 2018 1072 2050 16
1098 2014 1216 2051 Seeck
1241 2018 1298 2050 50.
1318 2017 1388 2050 396

341 2141 359 2172 1
386 2136 585 2182 λελυμένον
609 2136 685 2172 Ath
763 2138 784 2170 2
809 2135 874 2170 καὶ
898 2133 1016 2170 πάλαι
1046 2145 1108 2170 om
1134 2134 1203 2170 Mo
1282 2137 1303 2169 5
1329 2132 1398 2178 τὴν
1422 2136 1621 2177 παροῦσαν

268 2186 338 2221 Mo
359 2187 365 2231 Ι
386 2183 532 2229 ἐκείνην
560 2183 596 2219 V
615 2183 681 2219 sed
706 2196 728 2218 ν
753 2193 836 2218 corr
859 2182 916 2217 111⁴
937 2185 943 2227 Ι
965 2179 1047 2218 ἶσον
1075 2181 1272 2217 VaVoAtk
1348 2184 1368 2216 9
1394 2179 1465 2226 γὰρ
1491 2178 1539 2225 δὴ
1563 2188 1620 2214 re·

265 2232 377 2278 posui
401 2242 421 2267 e
445 2230 554 2267 libris
579 2231 627 2276 δὴ
652 2230 723 2277 γὰρ
748 2229 857 2266 Wolf
874 2231 881 2275 Ι
901 2228 1005 2272 παρὰ
1029 2240 1091 2264 om
1109 2229 1186 2265 Ath
1252 2232 1337 2272 9eq.
1362 2226 1467 2271 παρά
1485 2237 1555 2270 σοι,
1573 2225 1622 2262 τὰ

266 2279 461 2321 πλάτωνος
478 2284 635 2325 γενναῖα
661 2278 817 2314 VVaVo
827 2278 894 2314 Mo
924 2276 1032 2312 Wolf
1107 2279 1152 2311 10
1185 2286 1331 2313 comma
1353 2276 1442 2321 post
1466 2272 1621 2310 Πλάτω-

265 2340 334 2368 νος
357 2326 467 2372 posui
491 2337 537 2362 ex
555 2326 632 2362 Ath
656 2328 698 2361 ut
715 2325 800 2361 coni
821 2325 874 2360 Re
943 2328 985 2360 11
1012 2323 1163 2368 ὅσοιπερ
1188 2322 1322 2368 scripsi
1357 2323 1509 2358 auctore
1534 2320 1588 2357 Re

266 2372 350 2410 ὅσοι
373 2372 465 2419 παρ’
487 2373 577 2409 libri
604 2372 710 2409 Wolf
757 2376 800 2407 12
827 2371 932 2418 ἡμῶν
950 2373 1039 2407 ante
1057 2371 1237 2408 τοιούτων
1254 2370 1356 2406 inser
1376 2369 1430 2405 Re
1451 2370 1458 2413 Ι
1478 2367 1622 2404 παύσαι

278 2422 328 2458 Vo
403 2425 446 2457 18
472 2419 599 2457 οἰκίαν
622 2422 699 2458 Aa»
777 2422 823 2455 20
833 2431 886 2465 sq.
912 2418 1022 2464 ἐσμὲν
1048 2419 1104 2454 Va
1113 2419 1165 2455 Vo
1189 2417 1256 2453 sed
1274 2417 1314 2453 in
1338 2417 1410 2453 hoc
1434 2417 1474 2452 in
1493 2413 1532 2451 σὲ
1552 2415 1620 2461 μὲν

265 2480 351 2506 corr
374 2469 431 2504 ιιι·
