1806 2964
701 194 973 232 EPISTULAE
997 197 1142 232 81-82
1227 207 1230 209 ’
1519 193 1577 236 83

197 310 302 366 ἑώρα
336 309 406 351 τὸν
438 310 593 351 ὕπατον
625 308 694 351 τὸν
726 307 1023 363 ἀεροβατοῦντα
1053 306 1121 348 καὶ
1159 306 1258 362 μέγα
1295 306 1578 361 φθεγγόμενον

196 376 265 418 καὶ
289 381 616 431 περιφρονοῦντα
647 375 742 424 τοὺς
773 374 898 423 θεοὺς
929 378 1012 424 τοῖς
1043 372 1117 428 μὲν
1148 372 1283 422 ἄλλοις
1312 373 1578 426 ἐπικείμενον,

196 441 514 485 ὑποπεπτωκότα
539 440 582 483 δὲ
608 441 859 497 ἀνθρώποις,
885 435 942 482 ὧν
963 439 1200 495 ἀνδράποδα
1219 439 1402 493 κέκτηται
1427 440 1575 488 βελτίω.

198 512 237 551 6.
263 508 429 564 ’ἠράσθη
456 503 531 550 οὖν
557 508 707 562 ἰσχύος,
732 506 786 560 ἣν
805 502 895 561 εὗρε
920 506 964 549 σὲ
982 506 1272 562 θεραπεύοντα.
1299 506 1353 560 μὴ
1375 501 1451 547 οὖν
1469 511 1577 548 θαυ-

200 576 343 633 μάσῃς,
369 576 405 616 εἰ
423 581 498 616 σοῦ
524 572 714 628 μένοντος
740 573 784 614 ἐν
809 577 863 630 τῷ
889 571 942 614 δι’
970 572 1151 623 ἐκείνους
1182 573 1388 614 δύνασθαι
1413 573 1578 626 ζηλώσει

197 641 267 683 τὸν
290 637 512 683 Ἰουλιανὸν
533 637 734 689 Ὀπτάτος.

842 745 923 802 πβ’.
1527 753 1578 789 W

679 829 956 890 Ἀμβροσίῳ.
983 837 1090 881 (359)

264 921 301 960 1.
328 919 460 972 Χάριν
486 918 582 959 αἰτῶ
608 930 650 959 σε
675 917 958 971 ἐπιθυμοῦντα
984 918 1144 958 δοῦναι·
1171 916 1269 970 ὑμῖν
1295 915 1368 970 μὲν
1391 915 1467 971 γὰρ
1493 919 1576 965 τοῖς

198 986 427 1033 νεανίσκοις
464 984 560 1026 ὅταν
597 983 714 1039 ἀρχαὶ
745 984 1058 1038 παραδοθῶσιν,
1093 983 1153 1025 ὅτι
1182 986 1266 1032 τοῖς
1295 981 1576 1038 πρεσβυτέροις

200 1050 301 1106 ἡμῖν
320 1051 419 1105 ἔχετε
445 1052 688 1105 χαρίζεσθαι,
713 1051 863 1105 χαίρετε
888 1049 956 1090 καὶ
980 1053 1064 1099 τοῖς
1081 1065 1121 1090 τε
1141 1049 1395 1099 διδασκάλοις
1419 1046 1577 1102 ἡδονήν

201 1134 291 1159 τινα
329 1116 443 1172 φέρει
479 1118 523 1158 τὸ
561 1118 723 1158 δεῖσθαι
755 1120 952 1170 μαθητῶν
990 1120 1074 1166 τοῖς
1110 1131 1150 1157 τε
1183 1119 1385 1169 μαθηταῖς
1415 1115 1458 1157 τὸ
1492 1118 1577 1164 τοῖς

199 1184 454 1232 διδασκάλοις
479 1183 690 1224 δύνασθαί
711 1198 748 1223 τι
778 1186 910 1224 ποιεῖν
941 1182 1038 1223 κατὰ
1070 1189 1183 1226 νοῦν.
1224 1185 1261 1224 2.
1289 1181 1377 1235 ἐμοὶ
1402 1180 1475 1235 μὲν
1501 1176 1576 1223 οὖν

199 1248 391 1291 ἐπιτάττει
421 1249 675 1304 Κλεόβουλος
701 1247 723 1290 ὁ
747 1248 966 1302 παιδευτὴς
998 1247 1024 1289 ἃ
1056 1248 1163 1303 παρὰ
1195 1248 1259 1290 σοὶ
1284 1250 1475 1301 δύναμαι,
1500 1247 1574 1302 ἐγὼ

198 1315 242 1358 δὲ
268 1317 365 1357 αἰτῶ
391 1315 499 1370 παρὰ
525 1322 599 1357 σοῦ
630 1321 755 1356 ταῦτα
780 1314 806 1356 ἃ
832 1315 898 1356 διὰ
923 1316 998 1368 τὴν
1022 1315 1150 1370 ἀρχὴν
1175 1316 1357 1357 δύνασαι.
1397 1313 1575 1366 Ἀντίφι-

198 1387 266 1432 λος
290 1382 334 1424 ἒν
359 1383 532 1438 πρώτοις
556 1381 596 1423 τὲ
621 1381 703 1423 ἔστι
727 1388 808 1423 τῶν
833 1382 895 1423 σοὶ
922 1383 1221 1424 διακονούντων
1245 1380 1311 1423 καὶ
1334 1383 1576 1439 Κλεοβούλῳ

199 1450 405 1504 συγγενής.
442 1455 586 1490 τοῦτον
611 1448 825 1502 συνέστησε
851 1447 924 1502 μέν
950 1465 1017 1501 μοι
1041 1447 1256 1503 προλαβὼν
1289 1446 1310 1489 ὁ
1336 1448 1498 1502 τρόπος·
1526 1448 1575 1490 ού

198 1515 274 1571 γὰρ
301 1512 383 1557 οἶδε
414 1516 637 1571 κερδαίνειν
668 1514 748 1557 ἀπὸ
782 1521 854 1557 τοῦ
885 1518 1034 1569 τολμᾶν
1065 1514 1092 1556 ἃ
1121 1514 1176 1568 μὴ
1206 1515 1277 1556 δεῖ.
1308 1514 1419 1555 ταυτὶ
1448 1514 1524 1570 γὰρ
1553 1514 1573 1557 ὁ

202 1583 455 1636 Κλεόβουλος
487 1585 686 1637 μαρτυρεῖ.
719 1582 931 1635 συνίστημι
965 1580 1008 1622 δὲ
1034 1580 1099 1622 καὶ
1125 1580 1203 1635 ἐγὼ
1227 1581 1353 1638 τούτῳ
1384 1581 1575 1634 πευθόμε-

198 1664 280 1699 νος.
315 1651 352 1690 3.
379 1648 459 1690 ἔστι
485 1647 527 1690 δὲ
554 1646 579 1701 ἡ
606 1649 719 1703 χάρις
743 1646 901 1704 ἡμέρως
926 1660 967 1689 σε
995 1647 1154 1700 βλέπειν
1179 1647 1238 1697 εἰς
1257 1647 1396 1688 αὐτόν·
1421 1639 1453 1704 ᾧ
1474 1647 1574 1699 πρὸς
1596 1662 1610 1685 ι»

199 1715 429 1765 πλεονεξίαν
463 1713 534 1768 μὲν
566 1714 616 1756 οὐ
647 1715 852 1768 χρήσεται,
889 1714 989 1767 πρὸς
1024 1712 1067 1754 δὲ
1098 1713 1142 1754 τὸ
1173 1713 1437 1768 θαρρούντως
1476 1713 1575 1764 ὑπὲρ

203 1787 284 1822 τῶν
310 1779 550 1835 ἐπειγόντων
575 1781 780 1821 διδάσκειν
804 1779 872 1821 καὶ
899 1776 976 1833 μετ’
999 1780 1200 1828 εὐθυμίας
1225 1780 1248 1820 ὅ
1271 1795 1308 1820 τι
1333 1778 1385 1820 ἃν
1409 1780 1573 1837 κελεύῃς

197 1845 428 1900 ὑπουργεῖν.

250 1954 270 1986 7
328 1951 398 1991 Vn
420 1950 471 1996 α’,
497 1949 564 1998 ἔν’.
597 1952 651 1988 Vo
677 1949 727 1996 α’,
752 1952 815 1995 ξθ.
841 1951 882 1988 D
908 1950 1009 1997 σμδ’.
1036 1962 1083 1997 pr

274 2051 293 2083 1
320 2047 527 2083 Datianum
546 2047 593 2084 cf.
616 2046 761 2083 Sievers
788 2050 870 2090 218,
884 2050 918 2083 2.
945 2046 1064 2083 Seeck
1085 2050 1155 2083 114
1174 2048 1252 2083 not.
1275 2051 1293 2083 1
1318 2050 1324 2091 Ι
1345 2047 1460 2084 Arist.
1481 2047 1571 2083 nub.

199 2099 270 2131 225
281 2107 336 2141 sq.
406 2099 428 2131 6
454 2095 502 2131 ef.
523 2106 581 2142 ep.
602 2099 658 2131 80.
687 2094 807 2131 Seeck
833 2099 902 2131 227
922 2095 971 2131 111
1029 2099 1051 2131 8
1077 2095 1197 2131 Seeck
1216 2099 1297 2131 359.
1319 2099 1377 2131 57.
1403 2095 1572 2131 Silomon

200 2147 246 2179 30
298 2148 342 2179 13
369 2143 416 2179 cf.
438 2154 494 2189 ep.
517 2147 574 2179 52.
595 2147 738 2180 67—69

273 2243 644 2335 ΙΥἷιέςΣγέλαμεγάλα
669 2288 772 2324 Vind
846 2291 866 2322 2
896 2287 1004 2333 „fort
1035 2288 1158 2335 βαρὺν
1188 2292 1275 2324 ante
1307 2286 1565 2332 ἐπικείμενον“

199 2336 255 2372 Re
323 2339 344 2372 6
371 2336 533 2378 ὀπτᾶτος
561 2336 611 2373 Vo
636 2335 713 2372 edd
788 2339 832 2372 13
858 2336 1054 2372 δύνασθαι
1077 2336 1115 2372 τί
1141 2336 1194 2372 Vo
1268 2340 1311 2372 17
1339 2350 1404 2382 μοι
1431 2337 1483 2373 Vo
1502 2336 1568 2372 sed

200 2398 226 2430 μ,
250 2385 289 2420 in
318 2395 338 2421 σ
363 2395 446 2421 corr
469 2385 528 2419 m¹
602 2388 646 2420 18
671 2384 790 2430 ταύτῃ
817 2384 870 2420 Vo
887 2395 933 2430 pr
956 2389 1076 2420 ταῦτα
1101 2384 1142 2420 D
1164 2385 1170 2431 Ι
1192 2384 1280 2432 γὰρ]
1307 2385 1349 2420 δὲ
1375 2385 1439 2420 καὶ
1467 2384 1522 2420 Re

202 2435 246 2469 19
273 2433 333 2469 σοὶ
357 2434 445 2479 pont
469 2432 540 2477 ἐγὼ
564 2432 667 2468 inser
692 2433 745 2469 Vo
771 2432 839 2468 sed
864 2431 926 2467 del
951 2432 1018 2476 m’,
1047 2422 1154 2468 Wolf
1211 2437 1254 2468 21
1283 2433 1334 2474 ὡς
1358 2434 1447 2478 post
1470 2435 1567 2478 θαρ-

200 2480 366 2525 ρούντως
392 2481 446 2518 Vo
470 2480 537 2516 eod
562 2480 625 2516 del
649 2479 718 2525 m',
743 2480 785 2517 D
858 2484 904 2516 22
930 2479 1119 2527 εὐφημίας
1144 2481 1185 2517 D
1207 2483 1212 2527 Ι
1234 2481 1400 2523 κελεύοις
1423 2480 1464 2516 D

1615 586 1632 612 ὁ

1604 753 1650 785 80

1599 997 1631 1023 10

1596 1329 1630 1355 15
