1806 2964
624 194 896 231 EPISTULAE
923 198 1067 229 47—49
1192 206 1194 208 ·
1481 196 1539 238 47

167 308 211 350 ἕν
236 313 323 358 ταῖς
349 309 546 356 σπουδαῖς
571 314 650 348 τῶν
670 309 816 360 φίλων,
840 306 917 363 ἐγὼ
937 306 980 348 δὲ
999 306 1178 348 ἐνταῦθα
1199 307 1332 360 μένων
1359 308 1434 350 οὐκ
1451 307 1547 361 ἀμε-

168 375 276 428 λήσω
302 381 381 416 τῶν
407 374 560 427 ὕμνων.
599 374 635 414 εἰ
664 373 707 415 δέ
738 371 840 415 ποθ’
870 372 966 427 ἡμῖν
1001 373 1023 415 ὁ
1054 374 1220 429 χρηστὸς
1251 375 1401 428 φανείη
1432 376 1546 430 βασι-

166 442 269 492 λεύς,
307 441 402 490 ἴσως
427 440 551 481 αὐτὸν
577 441 626 481 οὐ
653 441 747 493 μετὰ
774 448 890 495 σιγῆς
915 439 1079 494 ὄψομαι.

817 570 903 627 μθ’.
1497 582 1545 617 W
1571 585 1617 617 4⁶0·

665 658 912 717 Μοδὲστῳ.
947 664 1053 707 (359)
1585 675 1601 701 5

230 748 266 784 1.
294 745 442 785 Ἀκούω
468 744 563 793 τοὺς
587 744 746 798 φόβους
770 745 827 794 εἰς
852 743 987 798 ἀκμὴν
1006 744 1119 798 ἥκειν
1146 744 1214 786 καὶ
1238 749 1292 803 τῷ
1316 744 1455 802 Πέρσῃ
1483 761 1545 799 γε-

165 810 299 863 φύρας
332 809 541 865 γεγονὲναι
576 810 642 851 καὶ
679 811 753 864 τὴν
786 812 973 865 διάβασιν
1004 810 1047 851 ἐν
1081 812 1214 867 χερσὶν
1246 808 1360 852 εἶναι.
1400 811 1464 853 σοὶ
1502 813 1544 852 ὗε

164 883 281 918 τοῦτο
308 878 424 929 μείζω
451 876 523 930 μὲν
549 879 709 919 ποιείτω
742 877 816 931 τὴν
848 878 1064 931 πρόνοιαν,
1095 877 1251 919 ἀπέστω
1277 877 1320 920 δὲ
1352 884 1424 933 τῆς
1449 893 1544 933 προ·

165 945 278 992 νοίας
304 944 464 998 ταραχή.
503 941 611 984 τοῦτ’
635 944 732 986 αὐτὸ
765 944 841 999 γὰρ
866 944 1025 997 ποιήσει
1050 943 1117 985 καὶ
1142 944 1184 985 τὸ
1218 945 1424 986 δύνασθαι
1449 961 1543 999 προ·

164 1014 288 1057 νοεῖν,
315 1008 370 1058 ὡς
395 1009 439 1051 ἐν
465 1014 518 1068 τῷ
541 1012 781 1065 τεταράχθαι
812 1011 906 1060 τοὺς
938 1011 1152 1066 λογισμοὺς
1178 1011 1335 1066 ἀνάγκη
1367 1016 1542 1064 τυφλοΐμ
1566 1019 1601 1046 ¹⁰

164 1079 273 1117 σθαι.
318 1080 355 1116 2.
383 1077 618 1132 θαρρυνέτω
645 1077 690 1119 δέ
721 1090 763 1118 σε
789 1084 947 1131 πρῶτον
980 1076 1052 1131 μὲν
1083 1078 1127 1119 τὸ
1159 1078 1214 1132 μὴ
1245 1079 1409 1131 πρώτην
1442 1077 1549 1134 αὐτῷ

163 1143 312 1195 ταύτην
345 1146 569 1196 τολμᾶσθαι
602 1144 676 1197 τὴν
702 1144 904 1198 εἰσβολήν,
935 1140 1021 1185 ἀλλ’
1055 1143 1115 1185 ἀεὶ
1148 1143 1221 1198 μὲν
1252 1144 1396 1194 αὐτόν,
1423 1144 1462 1194 ἐξ
1496 1140 1545 1185 οὗ

162 1213 342 1262 πολεμεῖ,
381 1211 572 1264 διαβῆναι
611 1216 851 1265 πειρᾶσθαι,
883 1211 1070 1253 παθόντα
1103 1210 1146 1252 δὲ
1173 1210 1234 1252 ἀεὶ
1266 1218 1399 1259 κακῶς
1435 1211 1545 1267 αὑτῷ

165 1274 405 1328 μέμψασθαι
431 1283 501 1330 τῆς
528 1276 697 1326 ἐλπίδος.
745 1280 782 1317 3.
809 1277 941 1318 ἔπειτα
974 1278 1023 1319 οὐ
1053 1282 1137 1327 τοῖς
1161 1278 1315 1319 πλείοσι
1339 1285 1544 1331 πανταχοῦ

163 1341 206 1382 τὸ
233 1350 350 1382 νικᾶν
377 1342 609 1396 ἀκολουθεῖ,
636 1340 723 1384 ἀλλ7
745 1343 800 1393 ὥς
826 1344 874 1384 τὰ
898 1343 1025 1385 πολλὰ
1050 1344 1125 1397 τὴν
1149 1345 1406 1398 πολυχειρίαν
1425 1342 1541 1397 ἡττᾶ-
1564 1352 1598 1379 1⁶

164 1413 263 1449 σθαι
288 1416 359 1462 τῆς
391 1411 538 1461 σοφίας
570 1411 794 1464 συμβαίνει.
828 1411 864 1451 εἰ
900 1409 943 1451 δὲ
968 1411 1011 1452 τὸ
1045 1410 1166 1452 πλέον
1198 1410 1451 1464 ἰσχυρότερον
1475 1405 1542 1464 ἦν,

163 1475 241 1516 ἔδει
267 1475 400 1527 δήπου
428 1476 498 1518 τὸν
523 1478 668 1518 τούτου
694 1478 897 1532 πρόγονον
923 1477 1148 1530 κτήσασθαι
1168 1477 1242 1530 τὴν
1256 1475 1439 1520 Ἑλλάδα.
1469 1484 1544 1517 νῦν

235 1614 257 1644 4
293 1610 340 1650 V1
360 1609 410 1656 α’,
436 1610 478 1646 λ’.
515 1613 566 1648 Vo
593 1626 630 1657 α,
655 1588 768 1649 mss
791 1613 826 1660 β,
853 1612 919 1659 ιγ’.
943 1614 987 1649 Vi
1013 1613 1098 1658 μα’.
1127 1613 1229 1649 Vina
1253 1609 1321 1657 ρο’.
1344 1612 1383 1647 D
1403 1611 1472 1655 ξακ
1501 1625 1544 1658 pr

235 1736 255 1766 2
283 1731 330 1767 cf.
351 1733 473 1767 Amm.
496 1732 545 1769 M.
560 1732 646 1768 XXI
655 1737 689 1777 6,
706 1738 722 1768 1
739 1746 794 1779 sq.
821 1733 967 1770 Sievers
981 1737 1027 1770 82
1103 1739 1123 1769 5
1152 1733 1298 1770 Sievers
1318 1737 1401 1770 225.
1423 1732 1541 1769 Seeck

162 1783 243 1815 213.
272 1783 352 1815 355.
380 1780 547 1816 Silomon
570 1785 616 1816 24

237 1906 255 1936 1
284 1898 334 1937 ἂν
359 1903 447 1948 post
472 1901 541 1937 οὐκ
569 1902 603 1938 V
625 1903 692 1938 aed
718 1914 814 1964 eras:
848 1904 900 1939 Vo
919 1903 994 1939 edd
1021 1903 1144 1940 delevi
1206 1907 1228 1938 2
1255 1902 1424 1949 φανείην
1449 1914 1494 1948 pr

161 1953 182 1983 5
209 1949 376 2009 μοδέστῳ
396 1949 553 1996 ὑπάρχω
573 1950 603 1987 S
616 1951 663 1986 Vi
685 1957 737 1987 τῶ
763 1951 866 1988 αὐτῶ
892 1952 929 1997 (i.
952 1962 983 1988 e.
997 1950 1200 2000 Μοδέστφ)
1221 1952 1321 1988 Vind
1383 1955 1404 1986 6
1418 1951 1541 1987 καὶ-

164 2000 182 2032 7
210 1994 309 2034 εἶναι
334 1997 375 2033 in
400 2010 510 2044 marg
542 1999 594 2034 Vo
693 2003 715 2035 8
741 1999 851 2046 μείζω
875 2006 987 2037 τοῦτο
1014 1999 1123 2036 Wolf
1153 2002 1159 2047 1
1200 1998 1334 2047 μείζων
1369 1999 1469 2035 Vimd

162 2049 182 2080 9
215 2046 256 2082 ἐν
287 2046 407 2105 τούτῳ
438 2046 511 2107 γάρ
545 2046 622 2083 ἐστι
653 2049 719 2083 καὶ
757 2048 799 2083 τὸ
838 2048 1035 2085 δύνασθαι
1070 2049 1099 2086 S
1128 2012 1244 2085 eodm
1232 2062 1278 2095 γρ
1311 2045 1417 2084 τοῦτ’
1448 2047 1542 2082 αὐτὸ

161 2093 233 2140 γὰρ
261 2093 411 2140 ποιήσει
443 2096 508 2130 καὶ
536 2093 578 2132 τὸ
620 2095 815 2132 δύνασθαι
843 2096 884 2132 in
923 2107 1050 2143 marg,
1087 2098 1182 2134 ViD
1267 2100 1312 2132 10
1345 2096 1387 2133 ἐν
1415 2117 1459 2122 -
1480 2108 1542 2130 τυ-

162 2143 358 2185 φλοῦσθαι
383 2143 480 2179 citat
499 2143 690 2180 Macarius
711 2143 841 2190 Chrys.
862 2145 992 2181 Roset.
1013 2145 1077 2181 fol.
1100 2149 1182 2182 95³.
1203 2147 1208 2191 Ι
1230 2157 1341 2189 τεταρ
1369 2155 1456 2180 cum
1481 2143 1542 2178 lac

162 2189 290 2226 Macar
390 2195 432 2227 11
473 2193 626 2238 πρώτην
664 2193 768 2242 αὐτῷ
808 2193 951 2239 ταύτην
991 2193 1126 2239 scripsi
1158 2205 1179 2230 e
1218 2193 1247 2231 S
1260 2193 1354 2229 ViD
1392 2198 1543 2238 πρῶτον

160 2239 262 2286 αὐτῷ
280 2240 422 2286 ταυτην
449 2241 485 2276 V
505 2240 573 2276 sed
593 2246 691 2277 ῶτον
715 2231 755 2276 in
782 2242 881 2301 ώτην
908 2253 990 2277 corr
1014 2243 1083 2285 112⁵,
1106 2243 1159 2279 Vo
1183 2254 1229 2304 pr
1268 2241 1411 2287 ταύτην
1437 2241 1540 2287 αὐτῷ

160 2287 312 2333 πρώτην
340 2289 439 2324 Vina
464 2287 573 2324 Wolf
646 2294 688 2324 12
716 2288 834 2326 αὐτόν
860 2301 922 2326 om
956 2291 1056 2326 Vina
1077 2293 1082 2335 Ι
1105 2291 1144 2334 ἐξ
1170 2288 1216 2326 οὗ
1242 2291 1271 2328 S
1294 2289 1362 2325 sed
1387 2289 1472 2332 ἐξοῦ
1499 2288 1538 2323 in

160 2345 269 2381 marg
306 2336 392 2379 έξοῦ
414 2337 462 2373 Vi
475 2337 577 2373 Vind
653 2341 697 2373 13
722 2340 933 2383 πειρᾶσθαι
954 2338 1055 2374 inser
1082 2339 1153 2376 Vo⁸
1178 2350 1240 2375 om
1264 2337 1407 2398 reliqui
1426 2337 1539 2385 libri)

161 2384 262 2442 αὐτῷ
305 2385 357 2420 Vo
371 2384 465 2421 Vel)
497 2396 541 2444 pr
625 2390 669 2421 15
706 2386 874 2423 ταπολλὰ
909 2387 954 2423 Vi
968 2387 1069 2424 Vina
1158 2392 1200 2424 15
1213 2398 1267 2433 qq.
1293 2384 1443 2433 ἀνάγκη
1475 2391 1543 2445 τῆς

161 2430 299 2492 σοφίας
322 2430 567 2479 (φιλοσοφίας
594 2435 654 2479 Vi)
679 2433 871 2480 ἡττᾶσθαι
891 2435 920 2471 S
944 2434 1011 2471 sed
1032 2449 1075 2481 γρ
1096 2435 1286 2481 ἡττᾶσθαι
1311 2439 1379 2481 τῆς
1404 2432 1543 2478 σοφίας

161 2477 358 2527 συμβαίνει
384 2481 423 2516 in
449 2491 568 2527 marg,
603 2482 650 2517 Vi
663 2483 702 2518 D
