1806 2964
631 206 905 244 EPISTULAE
933 211 1125 245 192—195
1483 208 1569 252 179

818 343 908 401 qu'
1494 354 1545 390 W
1573 359 1644 392 194

671 433 753 471 Mo
762 429 922 489 δέστῳ.
963 441 1073 485 (360)

245 518 283 557 1.
309 515 631 569 Σχετλιαζόντων
661 513 780 569 ἡμῶν
811 511 878 556 οἷα
908 514 1093 557 πέπονθε
1122 515 1355 571 Προκόπιος
1379 516 1448 558 καὶ
1473 529 1570 558 συν-

181 581 410 637 ευχομένων
435 585 617 636 λυθῆναι
642 580 714 622 τὸν
739 581 868 634 ζόφον
887 583 1069 624 Κιλίκων
1093 583 1138 624 οἰ
1157 582 1284 624 πολλὰ
1311 583 1362 637 δὴ
1387 580 1480 638 παρ’
1496 583 1570 626 αὐ-

180 655 254 691 τοῦ
285 647 435 704 χρηστὰ
459 647 664 698 παθόντες
697 644 800 688 ἀντ’
828 644 1111 704 εὐεργεσίας
1131 645 1464 704 Ἀγαμέμνονά
1487 666 1569 703 φα·
1607 666 1624 693 ⁵

182 727 259 757 σιν.
305 715 436 770 ὥσπερ
460 715 538 770 γὰρ
563 715 680 756 λύκοι
699 715 918 770 προβάτοις
942 714 1196 765 ἐπιπεσόντες
1219 714 1384 771 ἐρήμοις
1406 719 1570 758 Μυσῶν

184 782 297 824 λείαν
321 781 396 835 τὴν
422 787 493 836 τῆς
518 781 725 837 θυγατρὸς
749 781 876 823 αὐτοῦ
901 782 1172 836 πεποιήκασιν
1197 782 1341 824 οἰκίαν.
1381 786 1421 824 2.
1440 784 1571 825 καίτοι

183 851 232 907 ζῇ
263 847 336 904 μὲν
368 848 604 904 Προκόπιος
635 847 703 889 καὶ
734 848 949 903 χρημάτων
980 847 1203 905 ἐστέρηται,
1237 847 1358 890 τᾶλλα
1389 848 1433 891 δέ
1463 849 1570 891 ἐστιν

181 914 321 970 ἡλίκος
352 910 416 969 ἦν.
461 917 532 973 ζῇς
564 913 608 957 δὲ
638 914 707 956 καὶ
740 915 791 956 σὺ
821 914 890 957 καὶ
922 915 1097 957 δύνασαι
1127 914 1195 957 καὶ
1228 914 1464 971 Προκόπιον
1498 914 1570 956 ἕνα

182 989 264 1024 τῶν
290 983 422 1035 φίλων
447 979 528 1039 ἡγῇ
548 981 617 1024 καὶ
636 985 770 1035 φιλεῖν
797 982 898 1032 ὅλως
918 978 992 1037 οὐχ
1010 977 1131 1035 ἧττον
1150 980 1178 1036 ἢ
1196 980 1331 1036 ἄρχειν
1350 982 1570 1024 ἐπίστασαι.
1589 998 1626 1024 ιο

183 1050 319 1099 δεῖξον
350 1049 402 1102 δὴ
433 1053 519 1098 τοῖς
549 1052 746 1103 πονηροῖς
770 1049 971 1101 Κιλίκων,
1002 1047 1057 1097 ὥς
1089 1047 1139 1090 οὐ
1170 1046 1315 1105 ῥᾴδιον
1344 1048 1415 1091 τὸν
1439 1047 1571 1106 ἄνδρα

182 1114 378 1157 ἐλαύνειν.
431 1117 470 1156 3.
494 1114 564 1156 καὶ
588 1114 645 1168 μὴ
671 1115 912 1172 θαυμάσῃς,
942 1115 980 1156 εἰ
1007 1114 1100 1170 περὶ
1127 1117 1287 1156 πολλῶν
1310 1121 1449 1157 κακῶν
1473 1117 1569 1171 βρα-

182 1186 294 1237 χεῖαν
318 1181 532 1235 ἐπιστολὴν
555 1181 730 1235 ἔπεμψα.
775 1182 908 1236 ῥ’ήτωρ
933 1182 1010 1238 γάρ
1035 1180 1144 1223 ἐστιν
1169 1180 1192 1223 ὁ
1216 1182 1392 1235 κομίζων
1416 1185 1512 1231 παῖς
1529 1198 1570 1223 τε

182 1248 341 1291 ἐκείνου
360 1247 429 1289 καὶ
449 1246 771 1302 συνηδικημένος
789 1248 857 1290 καὶ
875 1252 1054 1303 γλῶτταν
1072 1248 1173 1304 ἔχων
1192 1247 1399 1304 ἀρκοῦσαν
1416 1255 1465 1306 τῇ
1478 1264 1569 1303 τρα-

183 1316 323 1375 γῳδίᾳ.
1591 1330 1625 1357 1⁶

827 1408 922 1468 Qqs'.
1495 1419 1544 1455 w
1573 1423 1642 1456 195

641 1492 947 1554 Ἀνδρονίκῳ.
987 1506 1096 1550 (360)

248 1586 286 1623 1.
305 1573 365 1622 Ἦ
383 1596 465 1623 που
484 1581 675 1630 πολλάκις
700 1581 768 1622 σοί
789 1595 829 1622 τε
854 1580 923 1622 καὶ
946 1584 1031 1630 τοῖς
1054 1581 1272 1636 γνωρίμοις
1296 1579 1397 1636 ὑπὲρ
1425 1581 1568 1622 Φοινί-

184 1664 261 1702 κης
284 1649 492 1704 γίγνονται
510 1647 622 1702 λόγοι
642 1653 713 1688 τοῦ
733 1645 806 1700 μὲν
825 1646 900 1700 τὴν
920 1648 1048 1700 φύσιν
1067 1653 1138 1700 τῆς
1156 1653 1232 1702 γῆς
1250 1645 1568 1701 ὑπερεπαινοῦν-

185 1730 271 1766 τος,
302 1720 375 1756 τοῦ
407 1713 451 1756 δὲ
474 1713 549 1767 τὴν
573 1720 717 1770 κρᾶσιν
741 1720 823 1755 τῶν
849 1711 986 1768 ὡρῶν,
1011 1712 1146 1768 ἑτέρου
1171 1720 1243 1767 τῆς
1267 1713 1471 1768 θαλάττης
1494 1714 1568 1767 τὴν
1587 1730 1624 1757 20

260 1817 569 1863 11711α’,ροε’.
603 1816 823 1878 Ῡαβᾏᾳῆ
871 1817 996 1866 Voff,
1024 1817 1088 1879 (ψ’
1152 1817 1365 1863 16V11a‘‚
1391 1817 1479 1863 ροζ.
1514 1819 1569 1855 Va

185 1868 234 1915 β,
260 1866 342 1915 (318³.
375 1866 501 1915 Ῡοβζ
528 1865 643 1915 [ᾳθᾝ]
668 1846 770 1912 825‘,
794 1865 861 1913 λγ’.
890 1867 938 1903 Vi
963 1879 1056 1913 ροη.
1091 1866 1192 1903 Vina
1217 1865 1281 1909 νζ.
1308 1846 1454 1915 D’Qly'

261 1967 283 1999 2
304 1963 451 2000 Sievers
472 1967 540 1999 141
561 1964 641 2000 not.
661 1966 719 1999 41.
735 1962 854 2000 Seeck
868 1967 950 1999 214.
965 1966 1035 1999 369
1099 1963 1227 1999 3P1at.
1250 1962 1362 2010 Gorg.
1326 1975 1420 2010 g.p
1430 1963 1564 2019 519ΒΙ

190 2011 311 2048 Seeck
335 2015 405 2048 247
481 2016 502 2047 5
530 2011 578 2047 cf.
605 2023 652 2058 ep
655 2014 768 2047 .294.
797 2015 901 2048 1433.
935 2011 985 2047 ad
1010 2013 1037 2047 t.
1058 2011 1093 2047 ΙΙ
1120 2015 1274 2055 279,15.
1303 2011 1567 2048 Schneidewin

187 2058 292 2097 Ooni.
319 2059 402 2097 erit.
423 2064 490 2096 127
501 2071 556 2106 sq.
606 2024 730 2096 Hpiller
755 2071 842 2096 ann.
862 2059 1046 2096 Fleckeis.
1070 2063 1152 2106 113,
1175 2057 1245 2095 784
1255 2071 1311 2104 sq.
1363 2058 1567 2096 Salzmann

188 2111 245 2146 13.
272 2120 306 2145 v.
324 2107 620 2153 Domanzewsh,
639 2107 711 2144 Die
735 2107 901 2144 Hermen
921 2108 988 2144 der
1005 2107 1144 2155 Agora,
1165 2108 1249 2143 Ber.
1270 2107 1338 2144 der
1354 2107 1567 2144 Akadomie

186 2168 221 2193 v.
246 2156 481 2203 Heidelberg
508 2161 601 2192 1914
626 2168 663 2203 p.
685 2160 774 2201 5sq.
843 2160 865 2192 6
891 2156 938 2192 cf.
960 2156 1011 2192 ad
1031 2158 1058 2192 t.
1077 2156 1113 2191 Π
1133 2159 1216 2200 261,
1231 2159 1264 2192 2.
1292 2154 1494 2192 Salzmann
1520 2161 1564 2193 41

238 2208 282 2240 17
309 2203 456 2240 Sievers
480 2207 527 2240 83
552 2205 632 2241 not.
654 2208 710 2241 78.
739 2203 859 2241 Seeck
885 2208 942 2241 71.
970 2207 1038 2240 369

260 2305 282 2336 3
310 2301 566 2347 „desideratum
590 2301 740 2347 aliquid
763 2301 864 2338 wude
883 2301 1076 2347 pendeant
1099 2300 1260 2355 genetivi
1278 2311 1299 2336 σ
1298 2299 1567 2347 χετλιαζόντων

188 2348 296 2396 ἡμῶν
314 2354 350 2387 et
373 2348 681 2396 συνευχομένων“
703 2349 759 2385 Re
810 2352 830 2385 7
858 2350 976 2385 αὐτοῦ
996 2348 1149 2408 reposui
1169 2360 1190 2385 e
1208 2314 1320 2385 libris
1339 2348 1442 2397 αὐτῷ
1460 2348 1573 2384 Wolf

188 2396 256 2434 sed
282 2408 365 2434 eon·
389 2397 477 2433 Add
497 2400 567 2434 861
643 2400 666 2433 8
690 2398 807 2433 τᾶλλα
823 2397 878 2434 Vo
949 2394 1018 2432 9
997 2410 1047 2443 ην
1066 2397 1122 2433 Va
1198 2400 1242 2433 17
1268 2399 1320 2444 τῷ
1346 2385 1448 2457 αὐτῷ
1474 2396 1512 2443 (i.
1532 2407 1564 2433 e.

189 2443 294 2491 Ανδρ
298 2443 382 2482 ονίκ
414 2445 636 2491 )87ι’πά1)
711 2448 757 2481 18
782 2443 884 2490 ἦπου
911 2410 1020 2482 Ῡναη
1029 2444 1142 2481 Wolf
1218 2448 1265 2481 20
1289 2458 1335 2490 up
1337 2433 1433 2481 άσιν
1448 2444 1539 2482 Vas
1558 2445 1563 2482 Ι

189 2492 297 2539 ὡρῶν
273 2447 440 2531 ρῗαφο
467 2493 534 2530 sed
560 2495 651 2541 ω(1)
675 2505 722 2529 ex
746 2506 767 2530 ο
793 2504 877 2529 eon·
903 2493 1058 2531 Va⁸''Vo⁶
1083 2491 1183 2539 ὀρῶν
1209 2493 1256 2530 Vi
1277 2495 1283 2540 Ι
1304 2492 1501 2538 θαλάσσης
1521 2493 1568 2530 Vi
