1806 2964
272 213 360 257 302
864 213 1046 248 LIBANH

272 326 399 374 οὕτως
425 325 516 373 ἕξει·
544 329 597 382 τῷ
620 326 719 381 θείῳ
744 324 819 379 γὰρ
838 325 991 377 ἔμελλες
1017 324 1159 365 δώσειν
1183 323 1256 376 τὴν
1275 325 1400 379 χάριν.
1425 325 1522 367 εἰδὲ
1546 324 1636 380 ἐμοί

273 406 309 430 τι
328 397 398 430 τοῦ
417 389 645 444 πράγματος
669 388 779 447 ᾔδεις
811 388 949 442 μέλον,
973 388 1176 430 ἀπωλώλει
1205 388 1258 430 ἂν
1284 388 1305 430 ὁ
1330 397 1408 431 νῦν
1432 390 1634 444 εὐδαίμων

273 454 457 508 Βοηθός·
483 456 654 510 τοσαύτῃ
676 455 833 511 σπουδῇ
859 454 1044 508 κέχρησαι
1064 454 1118 507 μὴ
1137 459 1267 495 ποιεῖν
1286 454 1312 495 ἃ
1336 456 1558 509 βουλοίμην
1582 454 1634 497 ἂν

273 520 470 575 γενέσθαι.
498 523 535 560 2.
559 519 655 560 ἀλλὰ
681 519 749 561 καὶ
770 526 847 560 νῦν
866 521 955 560 ἴσθι
974 535 1041 573 μοι
1059 519 1338 574 κεχαρισμένος
1355 521 1399 561 ἐν
1418 525 1470 577 τῷ
1491 522 1635 562 δοῦναι

238 606 255 631 5
275 591 327 644 τῷ
350 587 450 643 θείω
475 586 548 638 τὴν
573 585 700 639 χάριν,
725 581 828 626 ὥσθ’
857 585 940 639 ὥρα
965 598 1028 626 σοι
1053 585 1122 626 τὸν
1147 585 1313 639 Βοηθὸν
1336 585 1539 639 ἐκβάλλειν
1563 593 1633 628 τοῦ

274 652 484 704 σχήματος,
508 649 530 691 ὃ
556 650 739 699 δεδωκὼς
762 651 981 705 τυγχάνεις,
1005 650 1140 704 ἐπειδὴ
1160 650 1203 692 τὸ
1228 652 1281 707 τῷ
1302 652 1402 708 θείῳ
1421 663 1463 692 σε
1481 653 1633 707 κεχαρί-

275 722 373 757 σθαι
397 716 511 770 χάριν
535 715 623 768 ἐμοὶ
647 715 769 771 φέρει.

203 844 251 879 W
277 847 346 879 326
507 838 512 843 '
908 835 1001 891 ws'.

741 920 1033 976 Στρατηγίῳ.
1067 924 1175 967 (358)

222 1018 257 1045 ιο
340 1007 375 1044 1.
393 1001 499 1056 ’Ἠδη
525 1015 567 1044 σε
592 1003 693 1057 ἔχειν
717 1001 893 1058 ἡγοῦμαι
924 1003 967 1044 τὸ
994 1001 1048 1052 ὡς
1079 1002 1223 1057 ταχέως
1246 1003 1353 1056 ἥξεις
1377 1002 1551 1052 ἀκούσας
1569 1001 1638 1044 καὶ

276 1070 474 1123 συγχαίρω
499 1073 553 1125 τῷ
579 1083 617 1109 τε
642 1070 800 1122 βασιλεῖ
818 1074 889 1109 τοῦ
920 1075 994 1110 σοῦ
1025 1069 1168 1123 τάχους
1198 1069 1264 1110 σοί
1291 1084 1330 1109 τε
1361 1075 1440 1109 τῶν
1470 1074 1637 1122 πτερῶν,

276 1133 303 1175 ἃ
334 1134 517 1187 κέκτησαι
549 1140 665 1176 τοῦτο
691 1133 763 1187 μὲν
788 1134 832 1176 ἐν
856 1138 939 1183 τοῖς
963 1134 1110 1189 λόγοις,
1135 1139 1250 1175 τοῦτο
1277 1132 1319 1175 δὲ
1337 1132 1383 1174 ἐν
1406 1136 1492 1183 ταῖς
1515 1132 1638 1182 ὁδοῖς.

279 1203 318 1240 2.
343 1198 541 1253 ἡδόμενος
572 1198 615 1240 δὲ
647 1199 741 1253 μετὰ
772 1206 852 1240 τῶν
883 1198 1033 1249 ἄλλων,
1063 1199 1123 1241 ὅτι
1155 1211 1198 1241 σε
1230 1198 1402 1253 ὄψομαι,
1433 1200 1646 1252 τετίμημαι.

348 1330 370 1362 8
404 1327 454 1363 Vl
475 1325 522 1373 γ’,
548 1325 640 1374 [ιγ’].
674 1327 729 1362 Va
754 1327 802 1372 δ’,
827 1326 886 1372 ιγ’.
920 1327 974 1363 Vo
998 1325 1046 1370 δ’,
1072 1325 1132 1373 ιγ’.
1157 1326 1187 1363 S
1209 1325 1257 1370 δ’,
1283 1325 1320 1361 ι’.
1354 1325 1529 1372 Vin-ms)
1548 1325 1588 1362 οὖ
1604 1335 1642 1362 11

278 1374 321 1419 ξ’.
349 1376 401 1411 W
420 1373 481 1418 ξξ.
515 1375 614 1411 Vina
638 1373 708 1411 κε’.
733 1375 774 1410 D
798 1374 880 1411 nst'.
896 1375 932 1411 A
959 1373 1042 1422 [ια’]

352 1499 370 1530 1
398 1493 611 1540 phasganio
679 1497 700 1529 9
727 1493 845 1529 Seeck
871 1497 951 1529 288.
979 1496 1060 1529 345.
1087 1493 1255 1529 Silomon
1281 1496 1325 1529 10
1337 1504 1390 1538 sq.

285 1617 330 1649 10
344 1624 399 1659 sq.
425 1614 580 1659 propter
604 1624 660 1658 ep.
676 1615 757 1648 582.
785 1613 826 1648 at
843 1612 942 1648 hanc
968 1612 1018 1647 ad
1044 1612 1205 1649 eundem
1223 1611 1403 1658 scriptam
1423 1621 1505 1647 esse
1523 1611 1638 1657 atquc

280 1663 447 1697 nostram
466 1660 620 1696 admitti
638 1671 713 1696 non
732 1662 860 1705 potest
878 1661 1113 1706 comparanti
1140 1659 1252 1695 verba.
1272 1671 1291 1695 e
1321 1687 1330 1695 .
1345 1662 1414 1695 532
1433 1658 1548 1695 πάλιν
1566 1657 1637 1705 γάρ

281 1719 340 1745 σοι
357 1708 443 1752 περὶ
462 1711 513 1745 Βο
541 1711 618 1744 θὀῦ
636 1707 865 1750 ἀναλέξουαι
883 1709 923 1744 et
941 1710 1092 1744 nostrae
1114 1708 1147 1743 εἰ
1166 1706 1208 1743 δὲ
1227 1708 1292 1752 ἐμο
1327 1720 1362 1742 τι
1380 1711 1447 1742 τοῦ
1467 1704 1638 1752 πράγμα-

280 1769 343 1798 τος
367 1753 472 1804 ᾕδεις
495 1769 520 1801 μ
541 1758 627 1801 λον,
660 1755 850 1791 ἀπωλώλει
882 1754 930 1791 ἂν
963 1754 983 1791 ὁ
1009 1761 1081 1792 νῦν
1112 1754 1301 1800 εὐδαίμων
1333 1754 1493 1799 Βοηθός.
1518 1753 1642 1790 ironia

281 1808 408 1840 autem
434 1814 532 1848 quae
550 1803 590 1839 in
615 1802 688 1838 hac
706 1802 874 1848 epistula
892 1803 1035 1840 eminet.
1052 1814 1076 1839 a
1093 1803 1241 1838 ratione
1260 1811 1357 1848 quae
1377 1801 1536 1837 Libanio
1555 1812 1639 1836 cum

281 1851 462 1888 clematio
486 1851 702 1887 intercessit
726 1862 801 1887 non
826 1850 953 1887 aliena
972 1852 1031 1887 est
1096 1854 1178 1896 301,
1200 1854 1244 1886 16
1269 1850 1385 1886 αὑτοῦ
1411 1848 1546 1896 scripsi
1570 1846 1641 1884 αὔ-

282 1902 331 1947 τῷ
356 1898 446 1935 libri
469 1897 601 1946 Wolf!
622 1910 661 1934 τε
685 1899 774 1945 post
796 1896 863 1935 τόν
886 1898 975 1934 libri
1002 1897 1110 1934 Wolf
1142 1897 1264 1934 delevi

355 1997 375 2030 2
401 1994 532 2041 μέλλον
552 1993 608 2030 Va
629 1993 635 2040 Ι
656 1993 840 2029 ἀπολώλει
866 1994 921 2030 Va
994 1996 1016 2028 6
1039 1993 1231 2041 ἐκβάλλειν
1251 1993 1287 2030 V
1312 1991 1438 2028 sedin
1469 1991 1642 2039 ἐκβαλεῖν

282 2053 365 2078 corr
389 2041 446 2077 m*
542 2044 563 2076 6
594 2040 723 2087 ἐπειδὴ
756 2040 891 2087 scripsi
923 2052 943 2077 ο
970 2041 1006 2077 V
1043 2040 1168 2078 ἐπειδὲ
1183 2041 1239 2077 Va
1281 2039 1362 2077 ἐπεὶ
1378 2040 1428 2077 Vo
1464 2037 1574 2075 Wolf

331 2093 352 2125 9
378 2086 599 2137 Στρατηγίῳ
623 2087 798 2134 inscripsi
818 2099 839 2124 ο
865 2089 959 2125 VVa
968 2089 1064 2125 VoA
1088 2091 1138 2135 τῷ
1158 2088 1260 2136 αὐτῷ
1286 2087 1325 2133 (ἰ.
1350 2097 1382 2123 e.
1407 2083 1643 2146 Zrooernquo)

282 2137 406 2174 SViH
434 2134 598 2186 φιρμίνῳ
631 2136 871 2173 Vi1WVind
896 2135 1004 2172 Wolf
1035 2134 1149 2172 κέλσω
1168 2136 1209 2172 D
1277 2138 1322 2171 10
1347 2133 1642 2181 ὧσταχέωσηξεις

284 2185 451 2226 &nocuae
474 2185 511 2220 A
587 2188 629 2219 ιι
657 2195 697 2230 γε
721 2184 809 2229 post
833 2183 1018 2230 συγχαίρω
1045 2184 1094 2220 Vs·
1109 2194 1129 2220 1
1144 2184 1184 2220 et
1201 2193 1238 2219 η
1278 2185 1285 2229 Ι
1330 2187 1398 2218 σοῦ
1423 2192 1484 2218 om
1509 2182 1547 2218 A

285 2237 329 2269 12
355 2233 380 2268 ἀ
405 2233 442 2268 A
517 2235 561 2268 18
585 2229 770 2277 ἡδόμενος
794 2231 928 2277 scripsi
952 2243 998 2267 ex
1022 2231 1060 2268 A
1102 2229 1280 2277 δεόμενος
1305 2230 1341 2266 V
1366 2229 1433 2266 sed
1458 2229 1499 2265 in
1527 2239 1641 2274 κροσ-

283 2278 485 2327 δεχόμενος
509 2289 592 2315 corr
615 2280 683 2322 m',
716 2280 772 2316 Va
780 2280 832 2316 Vo
850 2278 917 2315 sed
941 2279 982 2314 in
1005 2279 1078 2315 hoc
1095 2277 1167 2326 ἡδό
1184 2288 1360 2324 suprascr
1376 2277 1434 2313 ωδ
1469 2274 1644 2323 οἰόμενος

292 2374 585 2412 V61WVindD
610 2373 719 2410 Wolf
784 2325 1016 2429 Ξῖκῖἰζΐομιῗιὲοῗ
1034 2371 1287 2416 ἐλκίζωννίιι
1305 2374 1311 2419 Ι
1333 2383 1373 2409 σε
1390 2372 1479 2428 post
1497 2368 1539 2408 δὲ
1559 2370 1606 2407 Vi
1632 2370 1637 2417 Ι

284 2427 450 2468 μεταιτῶν
474 2422 512 2458 A
533 2423 539 2468 Ι
561 2420 619 2458 ὅτι
643 2433 682 2458 σε
707 2420 853 2467 ὄψομαι
878 2433 1013 2468 scripsi
1038 2432 1060 2458 ο
1085 2420 1285 2458 VVaVoA
1309 2419 1377 2456 sed
1400 2431 1441 2456 m
1465 2419 1538 2456 hoc
1562 2419 1643 2465 ο(8)

285 2481 400 2516 supra
423 2483 452 2505 ω
481 2480 521 2505 σε
546 2468 715 2516 ὄψεσθαι
739 2469 852 2506 SViz
867 2471 907 2505 et
924 2469 1112 2506 11VinaD
1134 2467 1243 2504 Wolf
1274 2466 1441 2514 ὄψεσθαι
1468 2467 1522 2503 W
