1806 2964
717 222 955 260 Ems'rum
980 225 1050 258 ιιι
1213 193 1215 195 ’
1475 218 1563 262 517

193 339 271 382 οὐκ
303 339 466 392 ἀκήκοε,
497 337 565 379 καὶ
595 336 737 393 κρότος
767 331 820 390 ἧν
850 334 917 376 καὶ
956 333 1089 383 οὐδεὶς
1127 330 1229 387 εἶχεν
1260 332 1450 374 ἀπιστεῖν.
1495 338 1566 386 τῆς

192 406 269 462 γὰρ
294 413 368 460 σῆς
394 406 554 458 φύσεως
577 404 764 457 ἐφαίνετο
788 402 832 443 τὸ
857 401 984 456 ἔργον.
1020 404 1058 442 9.
1083 400 1159 455 ἐγὼ
1179 399 1223 442 δὲ
1243 400 1370 449 οὕτως
1394 399 1565 454 ἔχαιρον,

194 472 267 527 οὐχ
293 470 348 521 ὥς
366 471 491 526 λέγων
516 469 607 526 περὶ
631 465 689 511 ὧν
715 469 764 511 σὺ
789 472 931 519 ποιεῖς,
956 464 1041 509 ἀλλ’
1064 466 1119 517 ὡς
1144 466 1265 515 αὐτὸς
1291 464 1348 507 ὢν
1374 464 1396 507 ὁ
1421 472 1565 516 ποιῶν,

192 538 277 580 ἐπεὶ
302 537 370 579 καὶ
395 538 446 578 σὺ
472 536 562 592 περὶ
586 537 681 585 τοὺς
706 535 828 589 ἐμοὺς
859 535 1003 590 λόγους
1034 534 1123 575 ἴσον
1148 550 1185 573 τι
1210 531 1438 581 πέπονθας·
1465 545 1564 573 σαυ-

193 611 263 646 τοῦ
288 604 382 654 τοὺς
407 603 529 657 ἐμοὺς
560 601 651 660 ἡγῇ.
689 602 841 644 οὐκοῦν
874 600 942 642 καὶ
972 601 1066 650 τοὺς
1092 598 1212 653 ἐμοὺς
1244 600 1389 651 φίλους
1414 604 1564 639 σαυτοῦ

194 672 370 725 νομίζειν
395 671 510 719 εἰκός.
547 673 613 711 10.
639 669 675 710 εἰ
699 667 749 721 δὴ
769 675 887 709 τοῦτο
908 667 1034 715 οὕτως
1053 665 1142 720 ἔχει,
1167 666 1285 718 φίλος
1305 677 1366 706 σοι
1387 664 1565 718 Λητόιος

193 732 311 786 οὗτος
341 743 421 777 τῶν
456 736 615 778 οἰκείων
653 733 774 776 οὐδὲν
805 733 1038 787 λειπόμενος
1067 732 1124 782 εἰς
1157 731 1243 785 ἐμέ,
1275 731 1385 780 τινὰς
1417 730 1460 772 δὲ
1496 731 1564 772 καὶ

192 803 422 858 παρελθών,
447 800 532 843 ἐπεὶ
556 801 623 842 καὶ
648 801 691 842 τὸ
718 800 765 841 τὰ
789 799 908 842 κοινὰ
932 799 1118 853 πράττειν
1143 797 1262 850 ἀφεὶς
1287 796 1454 851 ἡσυχίας
1477 797 1563 838 ἐπι-

191 869 324 926 θυμία
358 868 480 909 πάλιν
520 867 653 909 αὐτῶν
693 865 794 920 ἐμὴν
827 866 943 921 χάριν
979 865 1200 918 ἀνθήψατο
1231 871 1303 905 τοῦ
1340 868 1423 912 τοῖς
1453 863 1563 916 ἐμοῖς

191 935 420 990 πράγμασιν
445 933 525 975 ἀπὸ
550 934 729 987 μείζονος
752 939 824 986 τῆς
848 932 1057 985 δυνάμεως
1077 935 1307 985 συμμαχεῖν.
1343 934 1410 971 11.
1430 925 1561 982 οὗτος,

191 999 244 1042 ἂν
268 999 342 1055 μὲν
372 999 465 1054 ἐμοί
491 1016 528 1041 τι
559 999 729 1055 χρηστὸν
759 991 807 1058 ᾖ,
837 998 905 1040 καὶ
937 997 1128 1052 φαιδρός,
1158 997 1203 1038 ἐν
1228 995 1271 1038 δὲ
1302 1000 1385 1046 τοῖς
1419 995 1563 1051 ἑτέροις

190 1071 244 1124 τῷ
264 1067 484 1109 λυπεῖσθαί
506 1082 552 1120 με
578 1070 683 1123 νικᾷ.
714 1065 782 1106 καὶ
811 1065 860 1106 τὰ
891 1063 988 1105 όντα
1019 1064 1136 1105 κοινά
1167 1079 1235 1117 μοι
1260 1062 1461 1117 κέκτηται,
1486 1061 1563 1103 κάν

191 1132 247 1186 μὴ
281 1130 378 1187 παρ’
406 1131 559 1187 ἡμέραν
592 1149 630 1173 τι
663 1131 828 1185 πέμψας
860 1132 988 1185 λάβω,
1019 1130 1131 1172 δεινὰ
1167 1127 1417 1171 πεπονθέναι
1449 1130 1561 1181 φησί.

194 1201 260 1239 12.
286 1197 390 1240 νέων
417 1197 459 1240 δὲ
485 1199 572 1240 ὅσοι
595 1198 779 1252 πένητες,
805 1197 872 1238 διὰ
906 1204 1049 1239 τοῦτον
1085 1196 1134 1238 οὐ
1168 1195 1351 1248 πένητες·
1392 1195 1462 1243 τὰς
1486 1195 1561 1249 γὰρ

189 1265 346 1314 ἐνδείας
370 1272 450 1306 τῶν
474 1265 564 1320 περὶ
589 1265 683 1314 τοὺς
707 1265 851 1319 λόγους
876 1264 986 1313 ὅπως
1010 1279 1049 1304 τε
1069 1262 1124 1316 μὴ
1149 1261 1339 1317 ἀγνοήσει
1363 1265 1475 1302 ποιεῖ
1491 1261 1559 1302 καὶ

191 1331 299 1382 ὅπως
325 1333 435 1373 λύσει
460 1332 672 1386 φροντίζει.
707 1333 774 1373 13.
799 1329 1034 1384 πρεσβεύειν
1066 1327 1108 1370 δὲ
1140 1328 1215 1370 οὐκ
1246 1327 1446 1382 ἐγνωκώς,
1480 1326 1560 1381 ἤδη

190 1396 265 1452 γὰρ
291 1397 533 1452 ἐντετυχήκει
557 1402 611 1456 τῷ
639 1398 794 1451 βασιλεῖ
821 1396 973 1450 μέλλων
1005 1395 1151 1448 θήσειν
1182 1394 1230 1435 τὰ
1251 1390 1466 1448 Ὀλύμπια,
1491 1395 1562 1436 τὸν

190 1468 307 1505 θεῖον
340 1464 412 1505 τὸν
445 1463 542 1517 ἐμὸν
574 1463 833 1504 ἀπαλλάττων
866 1469 938 1504 τοῦ
971 1462 1102 1503 πόνου
1133 1461 1203 1502 τὸν
1239 1460 1368 1502 πόνον
1398 1459 1560 1513 ὑπέστη.

193 1533 259 1571 14.
286 1527 348 1580 οἷς
372 1529 425 1571 ἂν
451 1524 527 1571 οὖν
552 1529 703 1585 ἐχρήσω
729 1529 958 1584 πράγμασιν
988 1526 1088 1582 ὑπὲρ
1113 1527 1269 1569 ἐκείνου
1297 1533 1425 1569 ποιῶν
1451 1526 1560 1583 αὐτῷ

264 1710 308 1742 14
333 1707 381 1743 cf.
401 1718 458 1752 ep.
481 1709 551 1742 650
627 1708 670 1742 16
697 1706 744 1742 cf.
764 1716 822 1752 ep.
843 1709 914 1742 550

263 1881 281 1912 1
308 1874 475 1921 ἀκήκοεν
502 1876 537 1912 V
558 1875 624 1910 sed
645 1888 667 1910 ν
686 1885 770 1910 eras
844 1879 866 1910 4
893 1871 975 1910 ἴσον
998 1875 1048 1912 Vo
1058 1874 1103 1910 Vi
1125 1876 1131 1920 Ι
1152 1872 1188 1910 τί
1215 1873 1375 1910 VoViml
1397 1874 1402 1918 1
1425 1871 1558 1909 πέποι-

187 1925 267 1965 θας
291 1924 340 1960 Vs·
412 1927 433 1959 6
458 1922 572 1960 τοῦθ’
606 1924 638 1960 V
659 1923 726 1958 sed
751 1920 795 1958 θ’
819 1933 840 1958 e
864 1936 907 1958 w
934 1933 1017 1958 corr
1041 1922 1111 1967 m‘,
1144 1922 1243 1958 Vind
1269 1921 1377 1957 Wolf
1398 1920 1492 1957 Ceut

189 1975 208 2006 7
236 1970 356 2014 ουτως
382 1972 436 2008 Va
446 1972 497 2008 Vo
532 1985 628 2008 ουτω
656 1971 702 2008 Vi
751 1974 773 2007 8
799 1971 864 2007 καὶ
890 1971 970 2007 ἐπεὶ
990 1970 1055 2006 καὶ
1082 1972 1135 2007 Vo
1157 1972 1163 2016 1
1183 1970 1289 2006 τὰ-
1306 1973 1326 2005 9
1347 1967 1558 2014 ἀνθήψατο

186 2019 405 2066 praemissis
430 2019 553 2056 verbis
579 2019 796 2065 ἐφάπτομαι
827 2025 955 2067 γενικῇ
982 2019 1047 2054 καὶ
1073 2018 1340 2064 ὰνθάπτομαι,
1366 2017 1416 2058 ὡς
1439 2016 1556 2065 Λιβά-

188 2080 271 2110 νιος
295 2067 391 2104 citat
415 2067 636 2114 Lacapenun
662 2068 709 2103 de
735 2070 873 2103 constr.
899 2067 998 2104 verb.
1032 2066 1091 2102 ed.
1116 2066 1310 2102 Hermann
1336 2065 1383 2101 de
1407 2066 1554 2101 emend.

186 2117 257 2151 rat.
284 2126 443 2163 gramm.
464 2119 546 2160 382,
560 2120 603 2152 21
628 2117 635 2162 Ι
655 2115 702 2152 τὰ
722 2126 782 2151 om
802 2115 832 2153 S
849 2118 855 2162 1
877 2113 1071 2177 ἐπιθυμίᾳ
1090 2115 1125 2151 V
1139 2115 1205 2150 ned
1226 2113 1266 2163 ίᾳ
1286 2124 1331 2150 ex
1352 2120 1387 2149 εῖ
1404 2124 1488 2149 corr
1498 2114 1556 2148 m⁵

236 2168 257 2200 9
283 2164 408 2200 αὐτῶν
435 2165 471 2201 V
492 2164 560 2200 sed
585 2174 631 2199 ex
657 2161 706 2200 αὖ
731 2163 799 2210 τὴν
825 2174 909 2200 corr
933 2163 991 2199 ιιι6
1027 2164 1153 2199 αὑτῶν
1179 2163 1227 2199 Vs*
1253 2164 1259 2208 Ι
1291 2168 1359 2198 τοῦ
1386 2163 1421 2198 V
1442 2161 1509 2198 ned
1534 2171 1555 2197 e

186 2217 237 2247 τῶ
263 2223 346 2248 corr
370 2212 428 2247 m⁶
491 2215 536 2248 10
561 2212 639 2248 ἀπο
641 2213 810 2272 μείζονος
835 2211 882 2247 Vi
898 2209 1049 2294 Ῑνᾶιυτως
1075 2212 1122 2248 Vi
1172 2215 1214 2246 11
1234 2209 1272 2246 τί
1297 2209 1387 2247 Vos
1399 2204 1556 2258 ῨίπᾱΙῇ

186 2259 322 2307 scripsi
354 2271 375 2295 0
402 2260 694 2297 VVoSViVind
731 2256 779 2306 ἦν
811 2260 868 2296 Va
949 2258 1008 2296 olf
1035 2259 1082 2295 ed
1114 2257 1305 2306 (χρηστόν,
1336 2254 1385 2304 ἦν
1410 2257 1527 2318 Ceut)
1546 2259 1550 2305 j

185 2308 252 2344 καὶ
275 2319 338 2345 om
366 2309 411 2344 Vi
421 2308 519 2345 Vina
543 2308 652 2344 Wolf
672 2307 766 2344 Censs
789 2309 828 2343 et
853 2307 1056 2344 delendum
1088 2307 1217 2343 censet
1246 2308 1313 2342 aut
1343 2305 1472 2351 ἱλαρὸς
1504 2300 1553 2350 ἦν

184 2355 428 2393 inserendum
452 2356 508 2392 Re
529 2359 535 2404 1
557 2355 722 2401 ἑταίροις
745 2356 776 2392 S
853 2360 896 2392 12
921 2355 1014 2392 vers
1027 2356 1072 2391 Va·
1097 2357 1104 2401 1
1125 2353 1300 2401 κέκτηται
1327 2354 1362 2390 V
1381 2353 1447 2390 sed
1472 2356 1553 2401 τ(1)

183 2403 226 2440 in
249 2415 311 2441 m
335 2404 393 2440 ιιι*
466 2407 510 2440 13
535 2403 572 2441 τί
597 2403 688 2442 Vos
701 2403 853 2441 ViVind
909 2408 954 2440 16
979 2402 1158 2463 ἀγνοήσει
1177 2405 1216 2439 et
1236 2405 1280 2438 16
1300 2402 1402 2439 λύσει
1419 2402 1552 2448 scripsi

185 2463 206 2488 e
231 2452 268 2488 V
295 2452 363 2489 sed
394 2465 428 2489 ιι
458 2452 499 2488 in
532 2465 553 2500 ῃ
585 2463 669 2489 corr
701 2452 770 2497 111⁵,
797 2452 898 2489 Vina
940 2453 964 2488 ἀ
967 2451 1109 2500 γνοήσῃ
1140 2454 1180 2488 et.
1202 2451 1307 2511 λύσῃ
1342 2450 1554 2487 VaVoS'h

187 2500 296 2537 Wolf
366 2504 410 2537 16
437 2499 520 2545 ἤδει
546 2502 592 2538 Vi
667 2503 710 2537 17
737 2498 907 2546 μέλλοντι
931 2500 959 2537 S
1033 2503 1077 2535 19
1103 2497 1173 2537 οὖν
1199 2498 1247 2536 ἂν
1276 2488 1375 2536 Vina

1583 942 1618 968 10

1581 1271 1615 1299 15
