1806 2964
267 229 356 273 260
860 229 1044 266 LIBANII

191 347 238 382 W
266 352 334 383 277
362 349 470 394 (Ceut
489 351 548 393 58)
900 338 995 383 σοῦ’.

767 422 976 482 Ἀκακίῳ.
1009 429 1116 472 (361)

330 512 366 548 1.
392 507 574 557 Εἰκότως
597 507 761 561 ἀφῆκας
785 507 873 561 ἐμοὶ
898 508 940 550 τὸ
969 507 1144 566 προτέρῳ
1174 508 1339 563 γράψαι.
1383 511 1436 564 τῷ
1456 505 1528 560 μὲν
1552 506 1636 562 γὰρ·

266 573 468 631 κατηγόρω
502 580 618 614 τοῦτο
654 573 831 627 δέδοται,
863 581 1069 629 κατηγορῶ
1106 573 1149 615 δὲ
1179 573 1273 629 ἐγώ·
1312 574 1378 614 δεῖ
1406 571 1448 614 δὲ
1484 571 1526 615 σὲ
1560 572 1632 622 τὰς

229 646 246 674 ⁸
265 639 392 687 αἰτίας
426 642 643 693 πειρᾶσθαι
677 639 795 679 λύειν.
841 639 977 693 διόπερ
1011 639 1220 693 ἀνέμεινας
1250 638 1326 680 οἰκ
1355 636 1513 691 οἰηθεὶς
1544 637 1630 679 δεῖν

266 707 531 745 Πλαταιεῦσιν
563 703 841 758 ἀκολουθῆσαι
872 708 1022 758 μᾶλλον
1052 703 1079 758 ἢ
1109 708 1231 763 κοινῷ
1260 704 1382 768 νόμῳ.
1428 707 1466 745 2.
1491 703 1532 744 τί
1553 697 1630 744 οὖν

264 769 340 824 ἐγώ
365 784 404 810 τε
428 769 496 810 καὶ
520 767 546 822 ἡ
573 769 687 818 πόλις
718 770 1007 823 αἰτιώμεθα;”’
984 786 1057 824 οτι,
1089 766 1120 812 ὦ
1148 770 1347 824 δαιμόνιε,
1379 767 1499 824 μέγας
1529 764 1626 822 παρ’

265 834 364 888 ἡμῖν
400 835 659 890 γεγενημένος
693 835 835 889 ἑτέρων
868 834 974 889 ἡμᾶς
1010 834 1199 889 ἐποίησας
1236 834 1443 889 δευτέρους
1480 834 1547 876 καὶ
1584 833 1629 875 τὸ

266 900 387 955 θέρος
423 902 748 954 προστησάμενος
780 907 851 942 τοῦ
888 901 1222 955 ἐπιβουλεύματος
1255 900 1436 955 ἀπῆλθες
1467 899 1539 953 μὲν
1576 898 1631 950 ὥς

213 976 247 1001 1⁰
267 961 392 1016 αὖθις
418 968 535 1022 δεῦρο
562 967 852 1021 δραμούμενος,
878 966 1048 1020 ἔμεινας,
1060 965 1102 1008 δὲ
1127 967 1311 1021 καθάπερ
1337 970 1463 1008 λωτοῦ
1488 965 1631 1021 γευσά-

267 1047 395 1084 μενος.
439 1035 477 1075 3.
509 1036 658 1085 μᾶλλον
694 1032 757 1085 δέ,
793 1027 842 1073 οὗ
873 1033 1061 1081 πολλάκις
1096 1033 1281 1087 κρείττων
1317 1031 1454 1086 ἐγένου
1488 1035 1630 1085 λοντοῦ,

267 1104 407 1139 τοῦτον
431 1105 509 1139 νῦν
533 1097 627 1151 μετὰ
652 1098 824 1147 πολλοὺς
850 1098 1038 1147 διαύλους
1067 1097 1315 1151 ἐθαύμασας,
1339 1098 1468 1151 καίτοι
1498 1097 1629 1138 πάντα

265 1163 292 1204 ἃ
316 1164 474 1205 πείθειν
498 1163 651 1216 πέφυκε
683 1163 880 1217 σοφιστὴν
910 1164 1004 1213 τοὺς
1029 1163 1072 1205 ἐν
1101 1167 1155 1220 τῷ
1186 1163 1391 1204 παιδεύειν
1418 1161 1630 1216 ὑπομένειν

267 1229 419 1278 πᾶνους
451 1231 713 1285 καρποῦσθαί
740 1242 804 1271 σοι
833 1230 927 1288 τῇδε
958 1236 1103 1283 παρῆν.
1152 1232 1191 1270 4.
1217 1229 1291 1270 εἴτε
1324 1228 1399 1284 γὰρ
1435 1227 1456 1269 ὁ
1490 1229 1641 1283 κρότος

217 1302 248 1329 ¹⁶
268 1294 334 1336 καὶ
359 1295 402 1337 τὸ
427 1294 682 1337 ἐπαινεῖσθαι
707 1295 818 1350 μέγα,
842 1295 945 1336 πολὺ
971 1301 1088 1336 τοῦτο
1113 1293 1264 1348 ἔφερες,
1288 1294 1363 1335 εἴτε
1382 1301 1502 1349 χοροῦ
1527 1297 1630 1348 πλῆ-

266 1365 344 1410 θος
378 1359 477 1416 ἡδύ,
507 1360 702 1414 ἐννόησον
743 1360 798 1411 ὡς
832 1360 907 1403 οὐκ
940 1359 1115 1415 ὀλιγάκις
1155 1359 1335 1413 ἀπῆλθες
1367 1358 1457 1414 περὶ
1494 1360 1630 1413 δείλην

267 1425 395 1478 ὀψίαν
420 1426 498 1469 ἀπὸ
517 1434 588 1481 τῆς
607 1428 835 1476 συνουσίας.
870 1429 908 1468 5.
928 1426 1026 1467 ἀλλὰ
1045 1425 1126 1479 μὴν
1145 1425 1172 1478 ἥ
1190 1441 1233 1480 γε
1251 1425 1449 1479 πρόσοδος
1473 1427 1630 1479 μείζων,

267 1493 320 1541 ὥς
343 1508 386 1547 γε
411 1492 583 1547 ἐμαυτὸν
607 1494 759 1546 πείθω,
789 1499 861 1547 τῆς
885 1491 1058 1533 ἄλλοθεν
1091 1490 1142 1532 ἂν
1173 1490 1399 1546 γενομένης.
1443 1490 1560 1532 τέκνα
1585 1490 1629 1533 δὲ

266 1557 314 1598 τὰ
348 1557 420 1611 μὲν
450 1554 502 1612 ’ἦν
533 1571 596 1600 σοι
626 1554 721 1614 παρ’
744 1557 863 1612 ἡμῖν,
893 1557 940 1599 τὰ
973 1556 1015 1599 δὲ
1046 1552 1173 1610 ἦλθεν
1203 1555 1273 1610 ἅν,
1304 1555 1371 1598 καὶ
1395 1557 1559 1616 γάμους
1578 1554 1631 1598 ἂν

214 1630 250 1657 ¹⁰
269 1623 472 1676 ἐτελοῦμεν
497 1623 743 1679 ἐκλεγόμενοι
768 1630 996 1679 μνηστῆρας
1020 1623 1064 1665 ἐκ
1088 1626 1245 1664 πολλῶν
1270 1622 1342 1672 οὓς
1366 1621 1490 1672 ἄξιον.
1527 1624 1566 1664 6.
1585 1622 1629 1665 τὸ

344 1780 361 1811 1
397 1777 463 1816 V11
487 1775 538 1819 α’,
564 1775 654 1816 σνς’.
699 1777 754 1812 Va
791 1775 836 1822 γ’,
866 1775 935 1822 οβ’.
978 1775 1030 1811 Vo
1055 1773 1102 1821 γ’,
1128 1774 1195 1822 οβ’.
1228 1774 1292 1811 8η
1313 1773 1360 1819 ς’,
1386 1773 1431 1814 ς’.
1464 1774 1516 1810 W
1536 1773 1632 1821 φιβ’.

278 1823 375 1860 Vind
399 1823 500 1869 ρνθ’.
525 1824 578 1871 (Β
602 1822 694 1870 σξγ’>

343 1970 364 2002 2
390 1966 437 2003 of.
458 1977 504 2013 ep
507 1970 619 2003 ..288
645 1967 790 2003 Sievers
815 1969 897 2011 276,
912 1970 945 2002 2.
978 1965 1096 2002 Seeck
1121 1969 1178 2001 42.
1205 1968 1286 2001 376.
1319 1964 1487 2001 Silomon
1511 1967 1558 2001 48

271 2014 437 2099 &Tg-uti.
455 1979 516 2098 Rp}
524 2018 667 2107 {gualo
696 2018 741 2055 10
767 2013 814 2051 os.
835 2026 894 2060 ep.
917 2017 1021 2050 1018.
1047 2012 1116 2050 Od.
1137 2027 1151 2050 ι
1171 2016 1279 2059 94sq.
1312 2011 1512 2049 Salzmann
1537 2015 1582 2048 87

345 2210 367 2241 3
391 2205 435 2242 τὸ
460 2205 595 2251 scripsi
620 2216 640 2241 e
667 2205 965 2242 VVoSWVind
1001 2206 1045 2240 uss
1075 2203 1161 2239 coni
1193 2203 1246 2239 Re
1282 2206 1333 2252 τῷ
1361 2203 1415 2239 Va
1439 2202 1548 2238 Wolf
1579 2204 1630 2251 τῷ

271 2252 565 2301 (πρεσβυτέρῳ)
590 2251 758 2301 προτέρῳ
785 2252 902 2289 Seeck
928 2256 973 2287 42
996 2253 1002 2299 1
1024 2250 1095 2298 γὰρ
1121 2250 1261 2287 inserui
1287 2261 1307 2287 e
1333 2252 1369 2288 V
1395 2252 1439 2287 ut
1464 2250 1550 2287 coni
1575 2238 1632 2286 R'e

271 2336 451 2373 inserVo⁴
461 2347 520 2372 om
541 2336 632 2373 Vas
645 2337 696 2373 W
709 2336 807 2373 Vina
831 2334 939 2371 Wolf
990 2339 1012 2371 6
1038 2334 1232 2382 ἀνέμεινεν
1256 2335 1286 2372 S
1344 2337 1365 2370 6
1390 2336 1634 2370 πλαταιεῦσιν

279 2385 379 2421 Vina
452 2388 473 2420 8
498 2384 659 2428 ποιήσας
677 2384 707 2420 S
779 2387 823 2419 12
846 2389 957 2420 τοῦτο
987 2383 1079 2420 VVa
1166 2387 1209 2418 14
1233 2384 1319 2426 τῆλε
1343 2381 1393 2418 Ψ
1458 2386 1503 2418 15
1528 2378 1631 2418 τοῦτ’

272 2432 302 2468 S
313 2433 359 2468 W
377 2433 472 2468 Vind
490 2431 598 2467 Wolf
682 2435 725 2467 17
752 2431 826 2478 μὴν
851 2431 986 2477 scripsi
1010 2442 1030 2466 ο
1056 2431 1091 2466 V
1089 2430 1210 2467 aVoS
1222 2429 1383 2467 WVind
1413 2431 1454 2465 ut
1474 2429 1558 2465 coni
1576 2429 1633 2464 Ro

315 2480 383 2524 μὲν
409 2481 444 2516 V
465 2479 572 2515 Wolf
589 2481 595 2526 Ι
617 2478 641 2525 ἥ
666 2479 721 2526 γε]
750 2480 772 2525 ἡ
798 2477 867 2525 μὲν
893 2479 978 2515 coni
1004 2478 1058 2514 Re
