1806 2964
271 218 360 260 698
857 217 1040 253 LIBANII

272 330 496 370 Σαλούτιον
515 328 582 369 καὶ
602 331 814 382 διεξῆλθον
832 329 926 378 τοὺς
945 329 1167 381 εἰληφότας,
1187 328 1258 378 οὓς
1277 330 1343 370 καὶ
1368 330 1417 371 σὺ
1436 330 1535 384 πρὸς
1549 330 1625 383 ἐμέ.

275 397 312 434 2.
341 395 422 443 δὸς
453 395 640 448 τοίνυν,
676 393 729 442 ὡς
761 394 879 447 ἔφην,
912 393 1023 447 μετὰ
1057 395 1264 444 πολλοὺς
1298 388 1329 452 ᾧ
1363 394 1629 436 δεδωκέναι

273 460 361 514 πρὸ
392 467 484 500 τῶν
507 458 664 501 ἄλλων
689 459 849 514 ἐχρῆν,
881 460 1053 508 ποίους
1083 459 1162 512 ἔφη
1193 460 1422 510 πολλούς;
1453 459 1521 500 καὶ
1544 460 1627 502 τότε

273 523 351 578 ἄρα
382 524 613 576 ἐμάνθανον
644 523 698 573 ὡς
730 522 771 564 σὲ
806 521 878 576 μὲν
907 523 1039 578 λόγοις
1069 540 1126 574 τις
1151 524 1382 579 ἐξηπάτηκε,
1408 525 1456 565 σὺ
1483 524 1525 566 δὲ
1549 524 1627 578 ἐμέ.

236 604 255 631 5
275 589 342 630 καὶ
365 596 442 630 νῦν
467 590 650 642 κάθημαι
675 589 897 642 φυλάττων,
921 589 963 630 εἴ
980 603 1058 630 τινι
1083 596 1161 630 τῶν
1185 590 1346 631 πάντων
1371 590 1476 631 ἔσται
1493 606 1531 631 τι
1548 598 1628 632 τῶν

273 653 488 710 προτέρων,
515 653 567 703 ὣς
592 654 876 710 ἁρπασόμενος.
907 654 974 696 καὶ
999 654 1226 708 στέρξωμεν,
1251 655 1324 704 ἕως
1343 654 1394 696 ἄν
1412 671 1471 705 τις
1490 656 1628 709 δαιμό-

275 737 359 761 νων
383 721 453 762 τὸν
479 721 662 775 δεύτερον
687 721 787 777 λύσῃ
813 720 951 773 νόμον.

200 871 250 906 W
277 875 345 906 685
905 862 1006 915 ψοέ.

770 947 983 1003 Σευήρφ.
1034 957 1141 1000 (362)

222 1046 257 1072 ιο
340 1035 376 1072 1.
404 1031 460 1072 Εἰ
491 1030 558 1072 καὶ
583 1030 682 1085 πρὸς
702 1026 918 1083 Ὀλύμπιον
942 1030 969 1071 ἃ
988 1031 1086 1084 πρὸς
1105 1029 1171 1083 ἐμὲ
1190 1030 1279 1083 περὶ
1297 1037 1376 1071 τῶν
1395 1029 1500 1084 ἐμῶν
1518 1030 1631 1085 ἔγρα-

277 1112 350 1148 φες
385 1096 598 1138 ἐπιστολῶν
629 1095 695 1137 καὶ
727 1103 799 1137 σοῦ
831 1096 900 1137 τὸν
934 1096 1058 1151 ἔρωτα
1088 1101 1229 1137 τοῦτον
1254 1095 1402 1144 ἐκεῖνος
1427 1095 1631 1149 ἠπίστατο,

275 1163 435 1210 πλείους
466 1161 516 1202 ἂν
549 1158 647 1215 εἶχες
678 1156 735 1202 ὧν
766 1161 943 1215 ἔπεμπες.
981 1161 1070 1203 οὔτε
1099 1161 1174 1216 γὰρ
1205 1161 1280 1216 ἐγώ
1307 1178 1364 1210 τις
1397 1161 1487 1216 περὶ
1509 1156 1653 1202 ταῦτα’

276 1228 427 1281 βραδὺς
458 1222 573 1276 οὗτός
604 1242 642 1268 τε
675 1227 922 1280 κληρονόμος
955 1233 1025 1280 τῆς
1050 1227 1245 1279 Μαξίμου
1268 1226 1368 1282 πρὸς
1392 1225 1458 1280 ἐμὲ
1483 1226 1631 1280 φιλίας,

277 1293 344 1333 ἵνα
369 1292 423 1345 μὴ
450 1294 593 1345 μανίας
612 1293 723 1344 εἴπω,
748 1291 801 1345 ἣν
821 1291 910 1333 οὔτε
928 1292 1120 1348 πρότερον
1138 1291 1313 1347 ἠγνόουν
1331 1299 1408 1333 νῦν
1426 1307 1465 1332 τε
1485 1295 1632 1344 μᾶλλον

223 1376 256 1402 15
278 1358 433 1410 ἔμαθον
445 1358 616 1407 πολλοὺς
628 1356 725 1410 ἡμῖν
738 1364 808 1398 τοῦ
822 1365 963 1411 καιροῦ
975 1357 1227 1410 κεκομικότος
1245 1356 1445 1412 ἀγγέλους.
1473 1360 1510 1398 2.
1529 1353 1632 1409 ἀλλ’,

277 1420 402 1477 οἶμαι,
434 1424 576 1464 δοῦναι
607 1422 680 1477 μὲν
710 1420 818 1464 οἶδεν
837 1418 1065 1477 Ὀλύμπιος,
1097 1422 1276 1465 ἀπαιτεῖν
1308 1422 1351 1464 δὲ
1376 1423 1424 1465 οὐ
1449 1422 1633 1477 βούλεται

277 1490 496 1544 γράμματα.
539 1489 606 1530 καὶ
639 1495 709 1542 τῆς
739 1495 812 1542 σῆς
841 1488 941 1538 νεὼς
971 1489 1235 1543 καταιρούσης
1265 1487 1337 1541 μὲν
1373 1488 1634 1543 αἰσθάνομαι,

275 1554 552 1607 ἀποπλεούσης
577 1553 620 1595 δὲ
645 1553 788 1596 οὐκέτι.
824 1553 891 1595 καὶ
915 1561 993 1598 νῦν
1017 1555 1166 1607 ταύτην
1185 1554 1314 1595 ἔδωκα
1332 1553 1405 1606 τὴν
1424 1553 1632 1606 ἐπιστολὴν

279 1627 358 1661 τῶν
383 1619 454 1673 μὲν
480 1627 561 1661 σῶν
586 1619 834 1674 ἀνηγμένων,
858 1619 1092 1673 κεισομένην
1125 1619 1168 1661 δὲ
1192 1616 1286 1674 παρ’
1311 1615 1509 1676 Ὀλυμπίῳ
1535 1619 1634 1672 βου-

349 1750 371 1783 8
404 1748 470 1783 Vn
492 1746 539 1794 β’,
559 1746 651 1791 ροα’.
684 1746 742 1783 Va
766 1746 809 1791 ζ’,
834 1745 923 1794 ρξβ’.
957 1747 1009 1782 Vo
1034 1746 1103 1793 (ζ’),
1130 1745 1218 1794 ρξβῖ
1250 1747 1317 1782 Mo

351 1871 370 1902 1
399 1865 515 1902 Seeck
541 1870 609 1902 267
703 1869 723 1901 9
750 1865 868 1902 Seeck
894 1869 963 1902 275
977 1865 1020 1901 V.
1043 1869 1111 1901 395
1205 1869 1249 1901 10
1276 1864 1393 1901 Seeck
1419 1867 1487 1902 228
1507 1864 1541 1900 11

280 1918 323 1950 13
350 1914 469 1950 Seeck
495 1917 565 1950 208
583 1913 617 1949 V

352 2039 370 2068 1
399 2033 606 2070 Σαλούτιον
632 2032 766 2079 scripsi
785 2032 1004 2069 σαλούστιον
1027 2031 1116 2068 libri
1140 2031 1248 2068 Wolf
1269 2031 1316 2068 of.
1330 2031 1380 2067 ad
1399 2042 1457 2077 ep.
1470 2034 1550 2067 668.
1566 2033 1636 2066 ’140

303 2085 324 2116 3
349 2079 440 2116 πότε
465 2081 582 2117 VaVo
607 2082 644 2116 ot
667 2080 908 2117 scribendum
933 2079 1018 2116 coni
1042 2079 1151 2116 Wolf
1163 2079 1251 2115 Add
1270 2082 1339 2116 863
1402 2082 1425 2114 4
1449 2076 1491 2115 λό
1517 2091 1574 2120 οις
1597 2078 1636 2114 et

277 2128 484 2174 ἐξηπάτηκε
516 2128 650 2174 scripsi
673 2139 694 2164 e
726 2129 795 2165 Mo
843 2126 952 2174 λόγος
981 2129 1021 2164 et
1056 2125 1279 2173 ἐξηπατήπει
1306 2126 1460 2163 VVaVo
1493 2092 1634 2181 §Volfl

277 2174 334 2217 τίς
358 2176 451 2213 VVo
523 2179 544 2212 5
571 2176 635 2212 καὶ
659 2175 760 2211 inser
786 2176 855 2212 Mo
905 2186 967 2211 om
992 2175 1147 2212 VVaVo
1171 2173 1279 2210 Wolf
1358 2177 1378 2209 6
1404 2173 1470 2209 καὶ
1493 2182 1637 2210 msorm

278 2234 300 2258 e
327 2225 396 2260 Mo
439 2234 500 2259 om
527 2224 681 2260 VVaVo
707 2222 836 2268 Wolf!
857 2221 1059 2268 στέρξωμεν
1084 2221 1218 2268 scripsi
1238 2233 1258 2258 e
1283 2222 1337 2259 Vo
1347 2222 1417 2257 Μο
1441 2219 1636 2266 στέρξομεν

287 2271 382 2307 VVa
405 2270 513 2307 Wolf
544 2269 635 2312 τέως
659 2270 701 2307 δὲ
726 2269 922 2316 στέρξομεν
947 2270 1003 2306 Re
1076 2273 1096 2305 '1
1124 2269 1293 2315 sequitur
1317 2279 1375 2315 ep.
1396 2271 1442 2303 44
1467 2267 1508 2303 in
1534 2268 1570 2305 V

279 2322 300 2353 9
328 2317 469 2367 σεβήρῳ
495 2318 605 2355 VMo
679 2322 724 2354 10
750 2317 906 2354 ὀλύπιον
931 2318 966 2354 V
1030 2321 1072 2353 12
1097 2316 1223 2354 πάντα
1249 2317 1318 2354 Mo
1391 2319 1436 2351 18
1462 2311 1572 2356 οὗτός
1594 2327 1635 2352 τε

280 2366 413 2412 scripsi
439 2367 588 2402 auctore
613 2366 668 2402 Re
705 2365 790 2402 οὔτε
808 2364 896 2401 libri
915 2364 1022 2401 Wolf
1069 2368 1113 2400 14
1138 2366 1277 2411 μᾶλλον
1302 2375 1361 2400 om
1387 2364 1458 2400 Mo
1507 2365 1552 2399 15
1571 2364 1637 2399 καὶ

280 2415 370 2450 ante
395 2412 609 2461 μετέμαθον
634 2413 735 2449 inser
761 2413 829 2450 Mo
904 2416 947 2449 16
973 2409 1077 2450 οἶδεν
1101 2412 1243 2448 inflex-tii
1269 2423 1289 2447 ο
1315 2412 1352 2448 V
1373 2410 1440 2447 sed
1464 2409 1507 2446 in
1529 2420 1639 2457 marg

277 2462 347 2507 m⁴‚
379 2462 434 2498 Va
446 2463 514 2498 Mo
557 2472 618 2498 om
644 2461 697 2498 Vo
721 2459 829 2497 Wolf
899 2463 943 2496 19
968 2459 1189 2506 κεισομένην
1214 2460 1250 2496 V
1269 2458 1337 2495 ned
1363 2470 1406 2495 σο
1432 2457 1531 2495 inser
1555 2457 1612 2494 m⁴
