1806 2964
631 220 903 259 EPISTULAE
930 224 1120 258 κιο-216
1479 220 1561 264 197

833 333 916 376 σιε’.
1492 340 1542 376 W
1567 345 1637 377 215

659 403 911 465 Ἀμμιανῷ.
952 414 1090 461 (3602)

252 486 290 523 1.
319 477 417 524 Οὔτ’
439 481 516 536 ἐγώ
542 493 584 522 σε
609 481 724 535 χάριν
750 481 873 522 αἰτῶν
897 480 1040 522 καινόν
1065 496 1101 521 τι
1126 486 1229 522 ποιῶ
1255 480 1306 522 σύ
1330 494 1370 521 τε
1395 479 1443 521 τὰ
1469 491 1566 521 σαυ-

188 554 261 590 τοῦ
287 548 454 606 μιμήσῃ,
478 546 554 600 τὴν
572 548 687 602 χάριν
706 547 744 588 εἰ
759 551 951 589 καταθεῖο
963 558 971 567 ·
997 546 1123 588 πολλὰ
1141 546 1217 602 γὰρ
1237 544 1313 601 ἐγὼ
1333 545 1406 600 μὲν
1424 543 1566 605 ᾔτησα,

189 614 239 656 σὺ
271 613 314 656 δὲ
346 613 533 664 δέδωκας.
571 613 815 663 Καλλιόπιος
847 611 890 654 δὲ
922 611 1059 655 οὑτοσὶ
1090 611 1158 654 καὶ
1189 613 1353 666 πολίτης
1379 611 1474 666 ἐμὸς
1498 611 1566 654 καὶ
1603 628 1620 655 5

188 681 384 731 κοινωνὸς
408 687 488 722 τῶν
513 695 552 721 τε
577 680 758 723 ἐνταῦθα
777 679 906 735 λόγων
924 685 1005 721 τῶν
1023 695 1063 721 τε
1082 678 1126 720 ἐν
1148 677 1288 737 Θρᾴκῃ
1306 678 1460 733 πόνων,
1482 675 1566 721 οἶδε

188 747 264 803 γὰρ
295 747 340 790 έν
371 748 502 801 φίλων
533 747 746 802 φροντίσιν
776 745 1019 800 ἀγρυπνεῖν,
1049 744 1118 787 καὶ
1149 744 1225 788 οὐκ
1250 744 1302 786 ἂν
1325 744 1406 800 ἔχοι
1431 745 1566 799 δήπου

191 829 260 868 μοι
283 817 415 864 καλῶς
439 813 590 872 ὑστέρῳ
614 814 732 855 τοῦδε
757 812 847 868 περὶ
872 818 996 854 ταῦτα
1020 808 1134 853 εἶναι.
1173 812 1210 853 εἰ
1239 809 1313 866 μὲν
1337 806 1414 853 οὖν
1437 811 1566 854 ἐδόκει

189 897 258 935 μοι
288 879 462 934 ἀδικεῖν,
493 875 729 938 ᾐσχυνόμην
760 878 811 920 ἂν
841 878 942 934 ὑπὲρ
967 885 1047 920 τῶν
1073 877 1248 933 ἐμαυτοῦ
1256 910 1267 931 ,
1297 884 1376 920 νῦν
1402 877 1458 931 δέ,
1481 874 1562 920 κατ’

189 945 378 1003 ἐπήρειαν
401 946 477 1003 γὰρ
502 946 666 1000 ἕλκεται,
690 946 800 987 πάνυ
826 944 878 987 ἂν
903 945 1183 1000 αἰσχυνοίμην,
1208 945 1246 986 εἰ
1268 944 1324 998 μὴ
1349 945 1565 998 βοηθοίην.
1585 961 1621 987 ιο

193 1016 233 1054 2.
257 1013 330 1068 ἔχω
357 1012 399 1055 δὲ
423 1014 596 1067 βοηθεῖν
622 1012 671 1054 οὐ
696 1019 744 1069 τῇ
770 1011 944 1066 ἐμαυτοῦ
971 1012 1154 1066 δυνάμει,
1179 1010 1278 1052 ἀλλὰ
1301 1018 1350 1069 τῇ
1376 1017 1438 1067 σῇ.
1469 1017 1566 1066 χρῶ·

190 1096 263 1133 μαι
288 1078 328 1121 δὲ
356 1079 458 1137 αὐτῇ
483 1078 583 1121 κατὰ
608 1079 683 1133 τὴν
708 1079 860 1132 φιλίαν.
899 1078 973 1133 ὅρα
999 1077 1060 1130 δέ,
1089 1078 1198 1127 ὅπως
1222 1090 1265 1120 σε
1290 1076 1566 1134 ἀκριβέστερον

189 1145 332 1202 ἑτέρων
363 1142 465 1188 οἶδα.
518 1148 556 1187 3.
589 1145 740 1200 μέλλων
772 1141 891 1195 οὗτος
921 1143 1087 1186 ἐνθένδε
1120 1148 1323 1186 κινεῖσθαι
1354 1144 1567 1199 χρημάτων

189 1212 383 1267 ἐμέμνητο
415 1212 515 1267 πρὸς
545 1210 652 1267 ἡμᾶς
684 1211 739 1263 ὡς
762 1213 887 1269 ταύτῃ
916 1223 958 1253 σε
983 1210 1330 1265 προσληψόμενος.
1371 1209 1464 1268 ᾤετο
1489 1212 1565 1266 γὰρ

188 1279 258 1322 τὸν
290 1278 386 1322 ὄντα
418 1275 467 1321 οὗ
498 1286 577 1321 νῦν
612 1277 670 1320 ὢν
703 1278 909 1334 τυγχάνεις
940 1276 1068 1332 μηδὲν
1099 1277 1388 1334 φιλανθρωπίᾳ
1421 1282 1565 1330 ποιεῖν,
1587 1292 1620 1319 15

189 1347 321 1388 πάντα
346 1344 389 1388 δὲ
414 1345 620 1402 ἀργυρίου.
659 1344 735 1401 ἐγὼ
762 1344 804 1387 δὲ
828 1345 996 1400 γελάσας
1019 1343 1087 1385 καὶ
1111 1342 1327 1394 διεξελθὼν
1352 1342 1378 1384 ἃ
1397 1343 1566 1385 σύνοιδά

190 1424 270 1465 σοι,
307 1412 512 1468 γυμνός,
549 1412 676 1466 ἔφην,
712 1412 925 1467 πορεύου
962 1410 1048 1452 καὶ
1085 1411 1257 1452 πενίαν
1295 1411 1351 1453 οὐ
1389 1409 1564 1468 μέμ-ψῃ.

190 1481 230 1519 4.
256 1476 326 1533 ἄγε
351 1472 441 1532 οὖν,
466 1473 498 1519 ὦ
522 1482 694 1533 γενναῖε,
720 1476 836 1532 δέχου
861 1492 901 1519 τε
927 1476 995 1518 τὸν
1019 1475 1149 1531 ἄνδρα
1174 1476 1350 1531 εὐμενῶς
1374 1477 1442 1519 καὶ
1463 1484 1565 1520 παῦε

187 1550 268 1586 τῶν
292 1551 429 1587 κακῶν
454 1543 581 1587 ὁπόσα
605 1543 730 1594 ἔξεστί
751 1556 816 1589 σοι
839 1543 907 1585 καὶ
935 1544 1066 1592 δεῖξον
1092 1541 1191 1597 ἡμῖν
1228 1541 1282 1593 ὡς
1310 1542 1430 1584 οὐδὲν
1457 1543 1565 1585 ἔλατ-

189 1626 259 1653 τον
291 1610 511 1666 ἐσχήκαμεν
541 1609 569 1665 ἢ
594 1611 632 1652 εἰ
660 1611 832 1667 γράφειν
862 1611 1018 1665 εἴχομεν
1045 1614 1100 1666 τῷ
1125 1615 1196 1663 τῆς
1219 1610 1403 1664 γνώσεως
1427 1611 1563 1668 κυρίῳ.
1584 1624 1620 1652 20

836 1728 923 1778 σις’.
1490 1737 1541 1774 W
1567 1741 1636 1773 216

631 1799 938 1859 Ἀνδρονίκῳ.
979 1809 1116 1856 (3602)

255 1879 293 1916 1.
322 1875 410 1918 Οὔκ
435 1873 547 1931 ὀλίγα
572 1891 640 1930 μοι
666 1882 737 1930 τῆς
761 1882 835 1930 σῆς
855 1874 980 1930 ἀρχῆς
997 1874 1119 1916 εἰδότι
1139 1874 1355 1930 διηγήσατο
1376 1869 1433 1915 ὧν
1452 1872 1565 1933 ᾔδειν

186 1938 438 1996 ἿΙρωδιανὸς
461 1943 594 1984 πλείω.
632 1943 853 1996 κεφάλαιον
879 1941 921 1983 δὲ
945 1937 999 1996 ἦν
1022 1939 1042 1982 ὁ
1062 1940 1153 1997 περὶ
1171 1940 1245 1994 τὴν
1263 1940 1448 1997 Βηρυτὸν
1467 1941 1566 1995 ἔρως

266 2038 286 2070 1
320 2034 388 2071 Vll
409 2033 460 2079 α’,
486 2033 583 2094 oqg‘.
618 2034 671 2071 Va
696 2033 743 2082 γ’,
759 2033 831 2094 ιγ’.
866 2035 918 2071 Vo
943 2032 990 2081 γ’,
1017 2032 1076 2080 ιγ’.
1104 2033 1134 2070 S
1156 2031 1204 2078 δ’,
1231 2031 1290 2079 vy'
1346 2036 1390 2069 21
1423 2032 1493 2070 VII
1514 2032 1563 2075 α’,

192 2080 286 2129 οαζ.
319 2081 446 2129 Vay‘,
471 2081 533 2119 ιδ’.
567 2081 693 2130 Voy'
717 2084 757 2119 ιδ

265 2169 286 2202 2
313 2165 361 2202 cf.
372 2177 430 2213 ep.
445 2169 527 2203 214.
549 2169 631 2204 229.
659 2165 778 2203 Seeck
798 2169 938 2202 57.8·12
989 2169 1010 2201 5
1032 2164 1151 2211 cfiep.
1167 2168 1237 2201 214
1293 2168 1339 2201 22
1361 2164 1504 2202 Sieven
1517 2168 1564 2202 83

193 2215 271 2250 not.
292 2215 358 2251 ¹18:
376 2213 495 2251 Seeck
506 2218 562 2251 ⁹11.
574 2217 657 2251 3⁷2.
683 2214 853 2251 Silomon
871 2217 919 2250 48
981 2212 1527 2260 24Sievorn100not.63.285,
1542 2217 1563 2248 3

265 2313 287 2346 2
308 2308 374 2356 Ἀμ
348 2312 497 2358 μμιανῲ·
522 2309 657 2358 scripsi
682 2312 728 2347 ut
758 2310 845 2347 coni
870 2309 980 2346 Wolf
1001 2309 1119 2346 Seeck
1146 2309 1172 2345 ἀ
1173 2310 1321 2359 μβιανῷ
1345 2308 1436 2346 libri
1461 2309 1565 2346 Wolf

193 2357 241 2394 cf.
255 2368 304 2405 ep
306 2361 399 2394 ,229
450 2361 472 2394 8
495 2357 567 2395 τὰσ
592 2359 710 2396 αὐτοῦ
743 2359 800 2396 Va
848 2363 871 2395 4
896 2360 1083 2416 καταθεῖο
1110 2358 1163 2395 Vo
1188 2357 1252 2394 aed
1281 2370 1301 2394 ο
1321 2368 1342 2394 e
1361 2369 1383 2394 σ
1407 2368 1491 2394 con·
1508 2357 1565 2394 m*

242 2409 263 2442 ⁶
278 2370 396 2443 οἶδεν
421 2406 480 2443 Va
528 2410 551 2443 8
576 2419 640 2454 μοι
665 2418 726 2444 om
745 2407 776 2444 S
823 2410 870 2443 10
889 2406 953 2443 ala
976 2404 1097 2453 υνόμη
1074 2419 1123 2452 ην
1149 2406 1205 2443 Va
1255 2409 1299 2442 11
1325 2405 1419 2442 ἀλλὰ
1443 2406 1509 2489 τω
1518 2411 1565 2452 τῆ

194 2451 237 2490 δὶ
264 2454 320 2491 Va
395 2458 439 2491 15
465 2453 558 2492 ὄντα
582 2455 717 2502 scripsi
741 2456 787 2491 ut
811 2454 897 2491 coni
973 2453 1032 2490 olf
1053 2453 1108 2490 Re
1145 2452 1191 2490 ὅν
1218 2454 1273 2491 Va
1310 2451 1356 2491 ὃν
1381 2454 1435 2491 Vo
1511 2453 1569 2490 011

219 2513 281 2538 om
301 2502 369 2540 VS
393 2502 399 2551 Ι
425 2502 632 2551 τυγχάνησ·
663 2503 717 2540 Va
789 2506 835 2539 24
861 2501 1025 2551 βήρυτον
1052 2502 1105 2540 Vo
1130 2501 1239 2539 Wolf
