1806 2964
598 222 868 259 Emswnffl
896 226 1084 259 reo-181
1193 211 1195 213 ’
1440 223 1524 265 167

150 337 220 379 καὶ
249 336 372 386 αὐτὸς
404 334 502 390 ἡμῖν
534 342 658 377 ταῦτα
689 336 875 389 μηνύεις,
906 334 1096 390 ἄχθομαι.
1140 335 1207 376 καὶ
1237 335 1314 391 γὰρ
1345 336 1415 385 τὰς
1448 343 1527 377 τῶν

147 399 466 457 Ὀλυμπιονικῶν
492 403 607 451 νίκας
632 402 749 455 ἥδιον
781 397 876 457 παρ’
905 402 1039 443 αὐτῶν
1070 402 1234 444 ἀκούειν
1259 408 1338 443 τῶν
1364 402 1527 455 ἐστεφα-

151 469 355 524 νωμένων.

783 575 887 632 ρπα’.
1455 585 1505 620 W
1533 588 1598 621 181

644 659 887 719 Ἀλβανίῳ.
927 672 1035 716 (360)

217 752 254 790 1.
289 746 393 802 Ἐγὼ
425 748 564 800 μάντις
597 746 670 800 μὲν
701 745 777 788 οὔκ
814 747 915 800 εἰμι,
953 747 1157 800 δυναίμην
1190 742 1227 787 δ’
1249 745 1302 788 ἂν
1332 746 1420 788 ἔνια
1450 753 1529 788 τῶν

154 813 378 867 μελλόντων
403 816 576 870 λογισμῷ
601 820 793 869 προορᾶν.
837 811 905 854 καὶ
928 819 1007 854 νῦν
1030 813 1171 854 τοίνυν
1196 812 1276 868 ὁρῶ
1300 812 1368 854 καὶ
1391 813 1529 869 προλέ-

153 895 212 936 γω
230 879 357 922 πολλὰ
374 879 474 933 ὑμῖν
492 880 670 933 ἔσεσθαι,
695 880 762 920 σοί
777 895 817 920 τε
836 875 906 920 καὶ
925 880 1046 937 τῷδε,
1064 875 1161 935 παρ’
1177 878 1360 934 ἀλλήλων
1381 879 1529 934 ἀγαθά.

153 946 222 988 καὶ
256 945 330 1002 γὰρ
367 947 602 1001 βουλήσεων
636 945 704 986 καὶ
736 945 875 988 πόνων
909 945 978 987 καὶ
1012 946 1140 1001 ἔργων
1170 946 1432 1000 κοινωνήσετε
1464 947 1531 988 καὶ

154 1013 248 1063 τοὺς
272 1012 322 1058 οςύ
347 1018 471 1054 ταῦτα
495 1013 585 1068 περὶ
603 1011 719 1066 ὑμῶν
743 1013 1050 1067 προσδοκῶντας
1068 1012 1288 1065 ἐκπλήξετε,
1307 1014 1531 1069 προσθήσω
1551 1030 1585 1055 10

155 1077 200 1120 δὲ
231 1079 291 1121 ὅτι
321 1078 387 1120 καὶ
419 1078 609 1120 ἀνιάσετε.
655 1082 695 1119 2.
720 1079 854 1121 πόθεν
885 1073 961 1120 οὖν
986 1094 1053 1132 μοι
1078 1085 1203 1119 ταῦτα
1227 1079 1353 1121 ἔπεισι
1377 1079 1531 1135 λέγεινς

154 1145 199 1187 ἐκ
228 1152 300 1187 τοῦ
332 1144 434 1199 μηδὲ
464 1145 508 1187 ἐν
539 1141 600 1195 οἷς
632 1148 890 1197 φιλονεικεῖτε
920 1145 1022 1200 πρὸς
1047 1144 1175 1198 μηδὲν
1199 1144 1419 1198 ἀνήκεστον
1443 1145 1531 1197 ἐξα-

155 1217 321 1267 χθῆναι,
340 1211 438 1253 ἀλλὰ
457 1211 649 1266 γενέσθαι
666 1211 742 1265 τὴν
760 1212 900 1252 στάσιν
924 1211 1083 1266 ἐκείνην
1109 1212 1277 1266 μίμησιν
1297 1213 1468 1262 στάσεως
1488 1213 1532 1255 ἐν

155 1279 298 1336 παιδιᾷ
326 1281 474 1332 μᾶλλον
499 1276 526 1332 ἢ
552 1279 702 1320 στάσιν.
747 1279 852 1328 τίνες
876 1278 927 1331 δὴ
953 1278 1093 1320 ἔσεσθε
1118 1277 1405 1333 συμπνέοντες,
1431 1280 1478 1321 οἵ
1488 1295 1532 1335 γε

157 1343 258 1398 μηδὲ
288 1349 372 1395 τοῖς
403 1346 674 1400 συγκρούουσι
704 1345 836 1386 πάντα
866 1345 1098 1399 κεχάρισθε;
1141 1348 1178 1386 3.
1212 1341 1297 1386 ἀλλ’
1325 1345 1427 1401 ’ὑπὲρ
1458 1345 1532 1400 μὲν
1551 1362 1584 1388 15

156 1410 309 1453 τούτων
340 1410 570 1452 ἐπιστελεῖτέ
591 1427 660 1464 μοι
684 1411 759 1464 τὴν
784 1412 972 1464 μαντείαν
997 1411 1276 1466 ἐπαινοῦντες,
1301 1411 1353 1453 σὺ
1378 1411 1415 1453 δ’
1439 1411 1531 1454 οὔτε

157 1477 391 1519 ἐπιστέλλων
417 1480 555 1527 λυπεῖς
579 1474 674 1519 οὔτ’
693 1476 775 1531 ἤδη
800 1478 1048 1531 καταστήσας
1072 1477 1217 1519 ἑαυτὸν
1241 1479 1299 1528 εἰς
1324 1477 1421 1520 ὁδόν
1442 1495 1532 1520 τινα

157 1545 261 1599 βίου.
299 1550 370 1585 τοῦ
396 1542 440 1585 δὲ
465 1543 520 1584 ἔτι
546 1543 742 1598 φέρεσθαι
768 1544 909 1599 δεῖγμά
932 1555 1000 1597 μοι
1018 1544 1062 1585 τὸ
1081 1545 1175 1594 τοὺς
1193 1545 1342 1595 παῖδας
1360 1545 1416 1587 ἔτι
1433 1543 1531 1599 παρ’

158 1607 256 1664 ἡμῖν
282 1608 428 1663 μένειν.

230 1767 253 1799 4
287 1763 356 1803 VJ!
377 1762 428 1807 α’,
454 1759 544 1811 ρξβ.
580 1763 634 1800 Va
659 1762 706 1811 β’,
732 1762 802 1800 κε’.
839 1764 890 1800 Vo
914 1762 960 1811 β’,
986 1762 1045 1799 κε’

233 1912 255 1943 5
282 1908 400 1944 Seeck
426 1911 485 1944 50.
511 1911 581 1945 368
669 1912 690 1944 8
717 1908 881 1945 Albanio
907 1910 947 1944 et
971 1908 1162 1956 Strategio

233 2056 255 2088 2
282 2050 562 2099 ὀλυμπιονίκων
593 2053 712 2090 VaVo
785 2056 806 2089 '1
831 2059 1025 2099 προςορᾶν
1056 2053 1111 2091 Vo
1136 2053 1205 2090 sed
1236 2068 1256 2096 ς
1287 2053 1350 2091 dol
1380 2054 1438 2090 m⁴

163 2104 185 2136 9
210 2100 459 2147 κοινωνήσετε
487 2102 541 2138 Vo
567 2101 635 2138 sed
659 2102 736 2148 a(1)
768 2112 815 2138 ex
839 2115 865 2138 α
897 2112 980 2138 corr
1010 2101 1068 2137 m‘
1167 2106 1211 2138 12
1236 2101 1288 2149 μὴ
1312 2101 1355 2139 δὲ
1383 2103 1439 2140 Va

164 2152 209 2184 14
243 2147 374 2186 στάσιν
410 2149 546 2196 scripsi
580 2151 735 2186 auctore
766 2149 822 2186 Re
866 2150 993 2187 στάσει
1022 2149 1112 2186 libri
1143 2149 1254 2187 Wolf
1282 2151 1289 2198 Ι
1329 2149 1394 2200 δὴ]
1426 2149 1470 2187 δὲ
1504 2152 1539 2188 V

161 2195 272 2233 Wolf
341 2200 386 2234 15
412 2197 463 2244 μὴ
487 2196 530 2234 δὲ
557 2198 614 2234 Va
623 2199 675 2235 Vo
696 2199 702 2245 Ι
723 2197 928 2246 κεχάρισθε
953 2198 1087 2245 scripsi
1112 2209 1133 2235 e
1161 2198 1198 2235 V
1227 2196 1457 2246 ἐχαρίσασθε
1477 2200 1535 2236 Va

172 2245 223 2282 Vo
241 2243 352 2282 Wolf
423 2249 468 2282 17
495 2245 632 2283 ἑαυτὸν
662 2246 715 2283 Vo
740 2246 808 2282 sod
834 2244 851 2282 ἑ
876 2246 917 2282 in
949 2257 989 2283 σε
1020 2257 1103 2283 corr
1133 2246 1191 2282 m⁴
1266 2251 1310 2283 18
1335 2252 1405 2284 τοῦ
1431 2244 1469 2285 δ’
1491 2246 1533 2284 εὖ

164 2291 238 2339 (vel
262 2290 304 2329 εὖ
331 2292 399 2340 ἔτι)
426 2292 615 2340 φέρεσθαι
640 2293 726 2330 coni
751 2294 808 2331 Re
832 2293 912 2331 Not
935 2294 1040 2341 (eod.
1060 2294 1218 2332 Dorvill.
1237 2294 1282 2332 X.
1302 2294 1331 2332 1.
1350 2300 1385 2333 4.
1406 2298 1468 2342 27)
