1806 2964
296 227 380 269 726
876 226 1059 263 LIBANII

216 344 268 381 W
289 349 357 380 714
378 344 486 391 (Ceut
505 347 565 391 67)
930 337 1009 379 ωδ’.

767 419 1011 478 Μοδέστφ.
1063 431 1168 475 (363)

359 501 576 557 1.“Ησθην
601 504 661 544 ὅτι
686 519 732 557 με
756 507 994 558 παρακαλεῖς
1017 501 1084 555 ἐφ’
1106 505 1205 558 ἅπερ
1231 504 1306 560 ἐγὼ
1332 505 1390 547 σέ·
1423 507 1545 560 δῆλον
1568 507 1643 562 γὰρ

292 569 350 610 ὅτι
382 568 424 610 σὲ
454 568 620 610 πέπεικα
649 570 835 623 βοηθεῖν,
867 570 904 610 εἰ
931 569 1006 622 τὴν
1035 569 1136 623 ἐμὴν
1166 571 1276 620 τάξιν
1301 570 1435 625 λαβὼν
1459 571 1525 625 ἐμὲ
1549 587 1648 628 προ-

252 650 270 676 5
291 633 442 689 τρέπεις
466 629 675 692 (Υπερεχίῳ
710 636 891 687 βοηθεῖν.
929 637 966 675 2.
991 634 1067 689 ἐγὼ
1098 634 1171 689 μὲν
1201 630 1276 676 οὖν
1307 635 1397 677 οὔτε
1421 644 1500 678 τῶν
1525 638 1647 679 δυνα-

289 706 367 740 τῶν
391 715 428 740 τι
451 700 619 753 παρήσω
642 704 726 749 τοῖς
750 695 784 739 τ’
812 698 1026 749 ἀδυνάτοις
1050 700 1291 756 ἐπιχειρήσω.
1329 701 1396 742 καὶ
1419 702 1494 757 γὰρ
1519 703 1556 743 εἰ
1572 703 1647 756 μά-

288 780 414 818 ταιον,
439 762 536 805 ἀλλὰ
561 768 614 823 τῷ
637 769 823 818 φιλοῦντι
846 764 1012 819 πρέπον,
1038 764 1105 806 καὶ
1129 764 1208 819 ἤδη
1233 763 1271 820 γ’
1299 764 1351 806 ἂν
1375 766 1591 822 ἐπέπρακτό
1609 784 1648 810 τι

289 829 378 885 περὶ
415 830 484 871 τὸν
517 831 744 883 νεανίσκον,
783 830 819 871 εἰ
848 829 903 883 μὴ
936 831 978 872 τὸ
1009 830 1186 884 βραδέως
1216 830 1350 872 ἐλθεῖν
1395 831 1565 874 ἐκώλυσε
1602 833 1646 875 τὸ

288 894 415 950 ἔργον.
447 895 496 936 οὐ
522 895 603 949 μὴν
628 896 697 945 τάς
719 911 762 950 γε
787 895 947 945 ἐλπίδας
970 895 1138 950 ἀνεῖλεν,
1164 892 1248 936 ἀλλ’
1270 896 1344 937 εἶσὶ
1369 897 1436 938 καὶ
1459 899 1644 953 λαμπραί.

235 977 270 1003 ιο
289 961 399 1002 πτύω
433 960 476 1002 δὲ
507 961 563 1010 εἰς
594 961 742 1003 κόλπον
773 967 820 1017 τῇ
858 962 1050 1018 παροιμίᾳ
1085 961 1336 1014 πειθόμενος.
1388 965 1426 1004 3.
1463 963 1564 1005 ἔοικε
1601 963 1646 1006 δέ

291 1042 349 1075 τις
381 1027 535 1080 δαίμων
567 1026 610 1068 τὸ
635 1034 796 1081 πρᾶγμα
820 1030 948 1076 καλῶς
973 1027 1212 1083 διῳκηκέναι
1242 1027 1485 1080 βουλόμενος
1521 1028 1645 1071 αὐτὸν

289 1091 526 1145 ἀμφοτέρων
550 1096 694 1146 τυχεῖν,
719 1087 777 1133 ὧν
801 1107 841 1133 τε
871 1092 921 1133 σὺ
947 1093 1090 1133 δοῦναι
1114 1092 1251 1146 κύριος
1276 1087 1334 1133 ὧν
1359 1108 1398 1134 τε
1423 1092 1445 1135 ὁ
1469 1094 1648 1145 πάντων,

289 1156 344 1206 ὡς
367 1156 529 1199 ἐκείνων
553 1173 595 1212 γε
621 1157 823 1212 προτέρων
847 1158 990 1212 τυχών,
1014 1164 1092 1198 τῶν
1118 1155 1155 1198 δ’
1184 1157 1235 1198 ἂν
1267 1156 1459 1212 ἐστέρητο.
1503 1161 1542 1200 4.
1567 1156 1659 1201 νῦν

286 1222 330 1263 δὲ
350 1223 399 1264 σὺ
429 1221 500 1276 μὲν
525 1223 648 1265 αὐτὸν
667 1222 892 1272 παιδεύσεις
915 1222 983 1264 καὶ
1007 1223 1186 1276 ποιήσεις
1210 1223 1358 1277 ῥήτορά
1382 1239 1422 1264 τε
1440 1223 1508 1265 καὶ
1525 1223 1645 1266 τᾶλλα

232 1304 267 1331 ιε
287 1287 411 1343 μέγαν
453 1289 565 1346 γάμῳ
602 1304 641 1329 τε
677 1287 744 1329 καὶ
787 1288 885 1344 δόξῃ
921 1287 988 1329 καὶ
1025 1292 1107 1338 τοῖς
1143 1288 1187 1330 ἐν
1222 1292 1276 1346 τῷ
1311 1290 1504 1347 συνεδρίῳ
1542 1291 1645 1345 δρω-

286 1351 434 1406 μένοις,
477 1354 561 1407 ἥξει
604 1352 647 1394 δὲ
688 1352 736 1394 τὰ
770 1353 931 1406 δεύτερα
969 1353 1157 1406 διδόμενα
1194 1352 1384 1403 δέξασθαι
1422 1353 1644 1413 δυναμένῳ.

288 1421 326 1460 5.
351 1417 463 1472 ἀλλά,
486 1418 587 1475 πρὸς
610 1425 690 1460 τῶν
714 1422 838 1472 θεῶν,
864 1417 936 1467 οὓς
960 1419 1081 1460 πάλαι
1105 1419 1326 1472 θαυμάζων
1344 1425 1421 1460 νῦν
1440 1419 1643 1475 ὡμολόγη-

287 1496 370 1536 σας,
394 1485 567 1538 πάρελθε
593 1483 667 1538 μὲν
690 1484 765 1537 τὴν
789 1491 859 1525 τοῦ
884 1483 1032 1537 πατρὸς
1055 1485 1112 1533 εἰς
1126 1480 1351 1538 Ὑπερέχιον
1377 1483 1553 1538 εὔνοιαν,
1570 1486 1642 1537 μί-

285 1562 406 1602 μησαι
435 1549 478 1591 δὲ
501 1550 576 1603 τὴν
601 1549 717 1603 ἐμήν·
743 1548 766 1591 ὃ
790 1549 961 1603 ποιήσας
984 1549 1057 1602 τὴν
1081 1556 1152 1591 τοῦ
1177 1549 1324 1604 πατρὸς
1348 1550 1533 1602 νικήσεις.

358 1704 376 1735 1
413 1700 478 1736 VJ!
499 1699 545 1748 β’,
572 1697 615 1735 σ’.
660 1701 715 1736 Va
739 1699 780 1744 ζ’,
806 1700 904 1746 quc'.
943 1700 995 1736 Vo
1026 1699 1103 1745 (ζ’),
1129 1699 1228 1747 Qqoe'.
1265 1700 1345 1736 Mo.
1374 1701 1405 1737 S
1426 1699 1472 1747 y‘‚
1497 1700 1561 1744 κζ’.
1595 1700 1648 1737 W

282 1746 357 1791 (ια’.
391 1747 490 1784 Vind
512 1747 606 1792 (ηδ’.
633 1748 673 1783 D
697 1747 796 1792 ρπα’.
822 1747 899 1783 Ath

357 1894 379 1926 2
405 1890 550 1926 Siovers
578 1894 645 1926 108
670 1891 747 1926 not.
770 1893 824 1926 18.
852 1890 970 1926 Seeck
993 1893 1076 1926 215.
1096 1893 1166 1926 396
1229 1893 1250 1925 ὃ
1276 1890 1393 1936 efiep.
1414 1893 1494 1926 810.
1521 1889 1640 1927 Seeck

285 1941 355 1974 182
422 1941 444 1974 8
469 1938 514 1974 cf.
535 1948 593 1984 ep.
614 1941 684 1974 624
744 1941 788 1974 10
812 1937 966 1974 Theoer.
985 1938 1036 1974 id.
1056 1937 1108 1974 VI
1122 1941 1166 1973 39
1194 1949 1225 1973 ο.
1245 1937 1360 1974 schol.
1381 1937 1580 1974 Salamann
1594 1941 1640 1973 62

357 2084 377 2113 6
401 2078 438 2116 τί
454 2081 506 2118 Vo
515 2081 660 2117 VinaD
714 2084 734 2116 ‘1
750 2078 780 2127 γ’
797 2078 862 2128 ἂν]
878 2080 948 2127 γὰρ
959 2081 1000 2117 D
1056 2083 1078 2116 8
1093 2078 1293 2117 νεανίσκον
1312 2091 1395 2115 corr
1404 2079 1492 2117 Mo'
1549 2084 1570 2115 9
1595 2094 1637 2128 γε

287 2163 344 2199 Vo
370 2164 436 2199 sed
461 2175 663 2210 yovoorr
687 2141 728 2200 ²1:⁷2
752 2163 782 2200 S
814 2161 846 2199 τ’
870 2164 925 2201 Va
960 2175 999 2199 τε
1021 2164 1089 2200 Mo
1126 2161 1162 2208 γ’
1192 2162 1480 2209 WWolflnoel
1503 2174 1565 2199 om
1591 2164 1645 2200 W

333 2215 376 2247 12
402 2214 498 2256 τε(2)
516 2212 550 2248 V
565 2211 632 2247 sed
650 2224 671 2247 τ
689 2222 772 2247 corr
789 2211 847 2246 m'
864 2222 885 2246 ο
903 2225 926 2257 γ
944 2212 989 2246 ut
1006 2211 1155 2246 videtur
1174 2212 1213 2246 et
1231 2223 1249 2247 ε
1273 2210 1314 2245 in
1337 2221 1399 2246 ras
1418 2211 1474 2247 m‘
1497 2211 1542 2247 θ’
1564 2211 1639 2248 SD

305 2269 367 2294 om
387 2260 443 2295 Va
453 2259 503 2296 Vo
573 2262 616 2295 18
642 2257 796 2295 ἐκείνων
823 2259 921 2295 Vind
939 2258 1006 2294 sed
1026 2260 1105 2303 v(2)
1130 2258 1170 2293 in
1196 2268 1216 2294 σ
1241 2268 1324 2293 corr
1346 2258 1403 2293 m*
1423 2261 1429 2304 Ι
1449 2264 1525 2294 τῶν
1550 2264 1639 2295 anto

279 2306 473 2350 προτέρων
505 2307 659 2344 WVind
682 2306 791 2342 Wolf
829 2305 951 2342 delevi
983 2308 990 2352 Ι
1023 2311 1098 2342 σῶν
1122 2307 1207 2352 post
1229 2310 1305 2341 τῶν
1331 2306 1399 2342 Mo
1449 2309 1494 2342 14
1518 2318 1557 2342 τε
1577 2317 1639 2342 om

281 2353 358 2436 gd
382 2357 454 2438 Sm
480 2352 562 2400 ἥκει
586 2354 616 2390 S
627 2354 772 2390 VindD
848 2357 890 2389 17
914 2359 990 2389 τῶν
1015 2355 1054 2390 et
1079 2352 1145 2395 οὓς
1161 2351 1456 2400 -ὡμολόγησας
1471 2353 1512 2389 in
1530 2363 1640 2400 marg
