1806 2964
308 205 395 249 318
898 205 1083 242 LIBANu

308 332 375 366 τος
399 317 457 367 εἰς
481 316 550 366 τὰς
575 323 654 359 τῶν
679 316 783 358 νέων
807 317 952 371 ψυχάς.
984 317 1021 358 εἰ
1052 317 1128 372 γὰρ
1158 317 1224 359 καὶ
1255 314 1353 372 παρ’
1380 316 1479 372 ἡμῖν
1508 318 1672 371 ἅνθρω-

308 398 384 432 πος
407 383 451 425 τὸ
476 381 600 424 αὑτοῦ
623 387 743 434 ποιεῖ,
768 382 922 432 δίκαιός
945 382 1051 425 ἐστιν
1083 383 1132 425 ού
1156 379 1251 437 παρ’
1279 381 1377 437 ἡμῖν
1402 384 1548 437 μόνον,
1572 383 1670 426 ἀλλὰ

308 449 375 490 καὶ
399 449 504 491 οἴκοι
533 452 726 501 τιμᾶσθαι
759 454 807 504 τῇ
839 449 1033 505 συνουσίᾳ
1067 447 1140 500 μὲν
1171 447 1338 501 ὠφελῶν
1362 448 1456 499 τοὺς
1485 450 1598 507 τῇδε,
1621 455 1670 507 τῇ

309 515 407 572 δόξῃ
439 513 482 556 δὲ
512 520 673 567 κοσμῶν
702 513 776 566 τὴν
808 514 969 555 οἰκείαν.
1021 517 1059 555 2.
1085 513 1167 555 ἐπεὶ
1200 513 1242 555 δὲ
1275 515 1318 556 οἴ
1343 514 1432 566 περὶ
1463 514 1506 556 τὸ
1539 516 1671 569 χρῆμα

272 595 288 621 5
309 587 386 621 τῶν
429 580 558 635 λόγων
599 578 835 633 ἀσεβοῦντες
876 579 1061 621 ἕλκουσιν
1093 575 1303 634 Ἀρχέλαον
1353 581 1560 635 Τιβερῖνον
1595 580 1672 622 οὐκ

309 645 601 700 αἰσχυνόμενοι,
626 644 676 686 σὺ
700 644 771 686 τὸν
796 643 868 698 μὲν
894 643 1118 698 αἰδέσθητι,
1142 649 1195 703 τῷ
1214 643 1257 687 δὲ
1275 647 1488 699 βοήθησον
1512 652 1672 700 πρῶτον

310 711 382 766 μὲν
406 714 492 759 ταῖς
517 711 710 759 Μούσαις
734 709 874 759 διδοὺς
897 709 972 762 τὴν
995 710 1125 764 χάριν,
1151 711 1336 764 δεύτερον
1361 709 1403 752 δὲ
1427 715 1513 761 ταῖς
1536 711 1673 752 πόλεσι

308 785 356 834 τῇ
381 792 420 818 τε
445 774 611 839 ἡμετέρᾳ
635 775 703 816 καὶ
727 775 767 825 ἐξ
786 769 836 828 ἧς
860 775 976 817 ἐστιν.
1008 775 1045 816 εἰ
1068 773 1111 816 δὲ
1130 774 1223 817 οὐδὲ
1242 776 1393 829 τούμὸν
1416 776 1670 817 παντάπασιν

309 843 466 896 ἄτιμον,
489 842 639 883 κείσθω
663 840 732 882 καὶ
755 847 870 882 τοῦτο
894 842 1037 894 τρίτον.

236 972 286 1008 W
312 975 378 1007 341
943 955 1038 1013 τλη’.

256 1071 287 1096 n
784 1039 995 1101 Ἀκακίφ.
1028 1040 1200 1098 (367168)

373 1134 409 1173 1.
437 1132 519 1182 Τῆς
544 1126 616 1180 μὲν
641 1128 849 1183 στύρακος,
873 1124 926 1180 ἣν
945 1126 1140 1179 ἔπεμψας,
1163 1124 1265 1178 ἡδίω
1285 1126 1331 1168 τὰ
1350 1127 1558 1181 γράμματά
1582 1140 1671 1182 σου,

309 1195 376 1237 καὶ
400 1193 450 1237 οὗ
474 1194 621 1247 ταύτης
645 1208 689 1248 γε
714 1192 859 1246 μόνον,
884 1191 982 1233 ἀλλὰ
1006 1192 1212 1245 κάκείνης,
1236 1191 1289 1245 ἣν
1313 1189 1396 1249 φῂς
1422 1192 1553 1234 οὐκέτι
1576 1208 1671 1246 ‹pot—

309 1269 383 1302 τᾶν
407 1260 447 1310 ἐξ
468 1257 660 1314 Ἰσαύρων
686 1257 740 1307 ὡς
765 1257 886 1311 ὑμᾶς·
911 1262 987 1299 τοῦ
1007 1257 1127 1312 λόγου
1154 1256 1196 1298 δὲ
1222 1254 1283 1307 οἷς
1311 1256 1383 1310 μὲν
1408 1254 1522 1299 εἶπον
1546 1259 1672 1313 συνή-

257 1342 291 1370 15
311 1328 445 1380 δομαι,
468 1329 550 1374 τοῖς
576 1323 619 1366 δὲ
637 1322 937 1380 ῥηθησομένοις
956 1323 1090 1376 βούλει
1110 1338 1156 1376 με
1175 1323 1218 1365 τὸ
1238 1324 1478 1377 βλάσφημον
1495 1322 1672 1376 ἀφεῖναι.

312 1396 349 1433 2.
375 1392 518 1442 καίτοι,
535 1389 612 1432 κᾶν
633 1390 688 1443 μὴ
707 1389 820 1444 λέγω,
838 1388 1066 1443 πέπληγμαι
1084 1388 1157 1441 τὴν
1180 1389 1350 1444 καρδίαν
1375 1387 1428 1438 ὣς
1447 1389 1522 1431 οὔκ
1546 1387 1672 1444 οὔσης

310 1458 353 1499 ἓν
377 1461 459 1506 τοῖς
484 1455 681 1510 δευτέροις
712 1455 926 1508 βοηθείας,
956 1452 1009 1507 ἣν
1040 1453 1261 1508 περιμένων
1292 1453 1367 1509 ἐγὼ
1398 1454 1464 1495 καὶ
1494 1454 1670 1509 κεχηνὼς

309 1524 409 1577 πρὸς
433 1522 504 1572 τὰς
527 1522 656 1571 πύλας
679 1521 746 1562 καὶ
777 1519 901 1575 λέγων
932 1519 1031 1574 πρὸς
1061 1519 1131 1561 τὸν
1161 1520 1426 1575 Στρατήγιον·
1453 1517 1591 1562 ὁπότε
1623 1519 1672 1564 δὲ

309 1589 434 1643 ἥξεις
458 1586 525 1629 καὶ
550 1586 713 1629 ἀκούων
745 1584 798 1635 ὡς
829 1585 1020 1638 αὐτίκα,
1051 1584 1186 1638 λαβὼν
1217 1584 1262 1626 τὰ
1294 1586 1503 1640 γράμματα
1526 1589 1672 1627 πολλα-

257 1670 291 1697 20
309 1655 432 1708 χόθεν
458 1649 563 1707 εἶχον
588 1651 763 1705 ἀθυμεῖν
786 1658 834 1708 τῇ
860 1666 900 1692 τε
931 1650 1128 1706 ἀρρωστίᾳ
1159 1657 1230 1704 τῆς
1253 1650 1457 1705 γυναικός,
1481 1651 1672 1705 γυναικὸς

384 1762 428 1792 10
462 1757 511 1792 VI
533 1756 580 1802 γ’,
604 1755 676 1802 κη’.
708 1755 765 1791 Va
789 1754 838 1800 δ’,
863 1753 935 1800 κη’.
968 1754 1021 1791 Vo
1046 1752 1094 1799 δ’,
1118 1753 1178 1800 κη’

382 1858 469 1898 4sq.
485 1853 529 1888 cf.
545 1852 593 1887 nd
606 1851 664 1887 t.1
684 1853 765 1895 502,
779 1853 800 1886 9
875 1853 895 1885 5
917 1848 1033 1885 Seeck
1048 1848 1158 1884 84111
1210 1851 1251 1884 11
1279 1847 1324 1884 cf.
1339 1859 1397 1895 ep.
1418 1851 1498 1885 345.
1525 1848 1670 1885 Sievers

311 1904 391 1943 224,
407 1904 439 1935 4.
466 1903 547 1939 276.
569 1903 603 1934 2.
628 1897 747 1935 Seeck
777 1901 835 1934 48.
863 1901 942 1933 347.
976 1896 1144 1934 Silomon
1170 1900 1214 1932 15
1290 1901 1332 1931 12
1359 1895 1407 1932 cf.
1427 1907 1485 1942 ep.
1508 1899 1616 1941 1008;
1641 1898 1668 1933 t.

309 1949 326 1984 1
348 1951 462 1991 181,9
489 1958 574 1983 cum
599 1946 714 1983 schol.
791 1949 833 1980 17
854 1945 967 1981 Arist.
988 1944 1081 1981 Ach.
1105 1947 1150 1980 10
1225 1947 1269 1980 18
1295 1943 1414 1980 Seeck
1439 1947 1507 1980 282

386 2050 403 2078 1
432 2043 639 2087 ἅνθρωπος
657 2041 790 2087 scripsi
816 2039 953 2082 diosV
975 2041 1041 2077 sed
1062 2042 1117 2076 ”o
1147 2039 1186 2075 in
1211 2050 1273 2075 ras
1301 2039 1357 2075 m⁶
1391 2037 1598 2083 ἅνθρωπος
1614 2039 1671 2076 Va

312 2127 399 2164 SVi
422 2125 531 2162 Wolf
551 2123 601 2162 ἂν
628 2125 680 2162 Vo
753 2128 774 2160 2
800 2123 919 2160 αὐτοῦ
940 2124 1086 2161 VVoVi
1108 2125 1115 2166 Ι
1136 2128 1226 2170 ποιῇ
1256 2123 1308 2177 V.⁰
1325 2092 1446 2205 hfflssz
1470 2122 1501 2159 S
1569 2125 1591 2156 4
1614 2122 1672 2177 pl-

311 2174 421 2211 κείαν
446 2173 578 2220 scripsi
598 2183 620 2209 e
640 2173 687 2210 Vi
703 2172 771 2207 sed
790 2184 822 2208 ει
841 2182 887 2207 ex
912 2184 926 2208 ι
950 2183 1032 2208 corr
1055 2171 1124 2216 m⁸‚
1147 2174 1193 2206 ut
1216 2181 1300 2207 com
1359 2181 1380 2207 ο
1404 2173 1444 2207 et
1469 2169 1670 2206 Dorvsshus

311 2221 433 2267 (Wolf
454 2223 538 2257 Add
565 2222 651 2264 861)
676 2218 803 2256 οἰκίαν
822 2218 909 2255 libri
929 2219 1036 2256 Wolf
1088 2223 1132 2255 12
1158 2215 1206 2263 ἧσ
1232 2218 1266 2254 V
1280 2218 1343 2254 sed
1364 2218 1404 2254 in
1425 2217 1472 2265 ἢν
1490 2228 1573 2254 corr
1592 2217 1648 2252 ω’

313 2274 357 2306 13
384 2269 460 2315 φὴς
492 2270 586 2306 VVa
618 2267 726 2303 Wolf
759 2272 835 2313 φῆς
863 2267 913 2303 Vo
1000 2271 1043 2303 16
1075 2273 1142 2311 σὴς
1171 2267 1259 2313 post
1289 2265 1402 2311 οὔσης
1431 2264 1670 2301 inserendum

313 2318 397 2354 coni
424 2317 477 2352 Re
553 2319 596 2352 18
615 2315 735 2353 adn?
803 2318 847 2350 19
872 2314 1022 2362 signum
1047 2313 1355 2360 interrogationis
1379 2312 1488 2360 posui
1512 2312 1620 2348 colon
1640 2312 1677 2348 V

311 2377 372 2402 om
401 2364 516 2402 VaVo
541 2363 650 2400 Wolf
690 2365 697 2409 Ι
742 2362 894 2398 ἀκούων
925 2363 1059 2409 scripsi
1084 2372 1105 2398 e
1131 2362 1167 2398 V
1201 2365 1243 2396 ut,
1274 2362 1361 2445 goni
1389 2361 1444 2397 Re
1484 2360 1588 2396 ἄκων
1615 2360 1672 2396 Va

1239 2422 1260 2453 ρ
1291 2411 1336 2444 λα
1364 2421 1408 2444 ον

319 2461 371 2497 Vo
396 2460 504 2497 Wolf
521 2461 527 2506 1
549 2460 598 2501 ὡς
623 2458 671 2505 δὴ
698 2456 833 2494 αὐτίκα
857 2457 1011 2505 ἥξοντος
1035 2456 1120 2494 coni
1143 2456 1198 2492 Re
1215 2409 1371 2504 ἴλαβὼξι
1396 2456 1432 2493 V
