1806 2964
284 225 370 268 308
875 223 1060 260 LIBANII

279 337 422 391 γόνων.
449 337 598 390 μάθοις
624 332 663 377 δ’
692 335 744 376 ἂν
769 335 837 376 καὶ
861 334 971 389 παρὰ
1002 341 1073 388 τῆς
1097 336 1244 388 αἰτίας,
1268 331 1367 376 καθ’
1396 334 1449 389 ἣν
1473 336 1561 389 ἥκει
1586 351 1646 385 τις

280 401 385 456 ἀνὴρ
410 401 509 456 πρὸς
534 399 651 454 ἡμᾶς.
695 404 734 442 3.
763 401 950 455 Θεοδώρα
976 399 1048 454 μὲν
1071 401 1160 456 γάρ,
1180 400 1390 455 οἰχομένου
1420 402 1645 443 Θαλασσίου

280 468 515 523 θυγάτριον,
549 466 603 516 ὡς
635 467 686 520 δὴ
728 467 854 524 τούτῳ
897 472 1127 519 κουφιοῦσα
1165 467 1239 520 τὴν
1278 466 1411 520 λύπην
1454 468 1644 520 δεηθεῖσα

281 534 474 586 λαμβάνει
498 532 564 573 καὶ
589 532 796 587 ἠγάπησεν
819 532 950 586 ὥσπερ
982 531 1083 583 αὐτὴ
1114 538 1298 573 τεκοῦσα·
1330 532 1415 573 ἐπεὶ
1449 530 1492 574 δὲ
1516 536 1644 582 καλῶς

249 614 265 641 5
284 599 360 652 ἔχει
383 599 458 651 τὴν
482 598 609 653 κόρην
633 596 731 651 ἡμῖν
755 598 1004 649 ἐπανελθεῖν,
1026 594 1224 651 ’Λντίοχος
1249 597 1343 650 μετὰ
1362 603 1432 650 τῆς
1456 597 1647 652 γυναικὸς

284 663 349 706 ἐπὶ
381 664 454 717 τὴν
485 663 659 717 κομιδὴν
689 664 839 718 ἔρχεται
868 663 917 704 τά
945 678 985 703 τε
1016 661 1113 703 ἄλλα
1144 663 1275 715 φύλαξ
1313 662 1468 717 ἀγαθὸς
1496 663 1564 704 καὶ
1593 667 1647 720 τῷ

284 730 434 782 σώματι
459 729 615 783 βοηθὸς
640 729 715 782 τὴν
740 728 819 771 ἀπὸ
844 735 916 782 τῆς
940 728 1080 782 τέχνης
1104 728 1305 783 πρόσοδον
1335 728 1478 770 ἐλάττω
1509 729 1649 784 κρίνας

283 800 356 837 τοῦ
392 796 632 850 χαρίσασθαι
669 799 752 843 τοῖς
788 795 932 847 φίλοις.
981 796 1020 836 4.
1058 793 1205 847 λαβέτω
1238 793 1288 846 δὴ
1315 798 1458 848 πεῖραν
1480 800 1551 847 τῆς
1574 800 1648 848 σῆς

285 862 463 914 φύσεως,
489 860 597 910 ὅπως
621 859 689 901 καὶ
713 855 831 910 οὗτος
861 858 1027 915 ἀγγέλλῃ
1047 865 1162 900 τοῦτο
1182 859 1232 913 δὴ
1259 859 1302 901 τὸ
1327 858 1417 913 περὶ
1441 865 1516 901 σοῦ
1540 859 1647 914 παρὰ

236 942 269 968 ιο
287 929 445 967 πολλῶν
470 921 681 982 ᾀδόμενον,
707 924 762 975 ὥς
786 925 918 974 οὐδείς
943 937 1006 966 σοι
1030 925 1315 979 παραπλήσιος.

214 1053 262 1090 W
289 1057 357 1089 332
923 1042 1023 1086 τκθ’.

792 1117 1012 1173 Μαξίμῳ.
1047 1120 1153 1163 (357)

355 1206 392 1242 1.
417 1203 511 1241 Νῦν
537 1200 616 1241 ἔδει
641 1200 734 1249 τοὺς
759 1200 930 1248 οἰκείους
954 1200 1200 1240 Γαυδεντίου
1226 1198 1325 1253 πρὸς
1343 1197 1448 1252 ἡμᾶς
1474 1198 1547 1240 ὅσα
1570 1199 1650 1242 ὑπὸ

289 1274 364 1308 σοῦ
397 1265 651 1307 πεπόνθασιν
687 1264 825 1320 ἀγαθὰ
860 1265 1053 1320 γράφειν,
1084 1260 1166 1306 ἀλλ’
1196 1263 1331 1317 ἐπειδὴ
1367 1263 1576 1317 μέλλουσιν
1604 1260 1651 1307 εὖ

237 1343 270 1372 1⁶
288 1333 519 1384 πείσεσθαι,
550 1332 617 1373 δεῖ
640 1330 716 1386 γὰρ
741 1331 845 1372 οὕτω
870 1329 1014 1386 λέγειν,
1046 1328 1160 1383 ἡμεῖς
1191 1329 1248 1371 ἔτι
1278 1341 1321 1370 σε
1345 1333 1651 1384 παρακαλοῦμεν

290 1398 390 1439 ἰδεῖν
416 1395 543 1450 ἡδέως
565 1394 825 1451 Ἀλέξανδρον
843 1395 910 1437 καὶ
930 1396 1136 1447 Πασίωνα,
1161 1394 1250 1450 περὶ
1275 1390 1332 1436 ὧν
1351 1395 1450 1451 πρὸς
1474 1396 1652 1450 παρόντα

291 1463 527 1517 ποιούμενοι
551 1462 696 1517 λόγους
728 1461 912 1517 ἑωρῶμεν
942 1460 1277 1515 ὑπισχνούμενον.
1327 1464 1366 1503 2.
1392 1460 1497 1510 εἰκὸς
1527 1459 1571 1503 δὲ
1599 1457 1652 1516 ἣν

290 1541 333 1570 σε
357 1530 422 1570 καὶ
449 1527 575 1582 μηδὲν
606 1527 835 1570 ἀκούσαντα
865 1528 980 1584 τῇδε,
1011 1527 1158 1581 γνόντα
1189 1525 1231 1568 δὲ
1262 1527 1364 1579 ἐκεῖ,
1394 1528 1473 1568 τίνι
1503 1526 1653 1581 προσή-

290 1607 406 1636 κουσι
438 1594 537 1635 κατὰ
568 1593 704 1648 γένος,
735 1594 850 1634 αἰδοῖ
874 1599 946 1634 τοῦ
970 1592 1137 1647 ῥήτορος
1168 1591 1318 1645 ἀμῦναι
1355 1596 1442 1633 τοῖν
1475 1591 1651 1647 ἀνδροῖν.

239 1673 273 1701 20
292 1667 368 1701 νῦν
396 1658 437 1701 δὲ
463 1658 559 1701 οῦδὲ
584 1657 815 1716 βουλομένῳ
840 1657 897 1711 μκὴ
922 1659 1095 1712 βοηθεῖν
1121 1657 1210 1698 ἔστι·
1245 1656 1481 1706 κατένευσας
1505 1657 1580 1711 γὰρ
1604 1663 1652 1714 τῇ

366 1767 407 1799 11
444 1764 493 1799 Vt
509 1762 556 1809 γ’,
581 1762 684 1809 [ιθ’].
718 1762 773 1798 Va
798 1760 846 1806 δ’,
874 1760 941 1797 ιθ’.
977 1762 1028 1797 Vo
1053 1760 1102 1806 δ’,
1130 1759 1197 1796 ιδ’.
1223 1760 1252 1797 S
1275 1760 1322 1806 δ’,
1349 1759 1388 1796 s'.
1425 1761 1469 1795 Vi
1494 1760 1551 1799 νς’

366 1862 387 1893 2
413 1858 531 1894 Seeck
557 1861 627 1893 289
696 1860 739 1892 12
767 1855 888 1892 Seeck
912 1859 995 1892 207.
1021 1859 1103 1891 846.
1130 1855 1296 1891 Silomon
1325 1859 1343 1890 '1
1359 1867 1413 1900 sq.
1473 1858 1516 1890 13
1536 1853 1654 1892 Seeck

296 1909 341 1942 5⁶
417 1909 462 1941 16
488 1904 607 1941 Seeck
634 1908 680 1940 5⁶
699 1904 769 1940 VII
849 1907 895 1940 20
921 1903 962 1940 11.
990 1918 1015 1939 α
1041 1907 1109 1939 527

367 2006 387 2037 2
406 2000 623 2037 θαλλάσσου
637 1998 834 2036 θαλάσσου
848 1999 884 2034 V
915 1998 1111 2036 θαλάσσου
1132 1999 1187 2035 Υα
1196 1999 1248 2035 Υο
1277 2009 1359 2034 corr
1371 1997 1477 2035 Wolf
1523 2002 1544 2034 8
1563 2009 1653 2034 num

293 2049 336 2086 τὸ
361 2050 596 2095 θυγάτριονῖ
706 2052 728 2083 4
748 2046 929 2130 maesiam
948 2046 1084 2093 scripsi
1111 2057 1132 2082 e
1160 2047 1249 2084 VVo
1272 2048 1316 2082 ut
1334 2045 1420 2082 coni
1443 2045 1547 2082 Wolf
1570 2044 1655 2080 Add

295 2099 362 2133 861
393 2096 446 2132 Re
495 2094 701 2143 λαμβάνειν
727 2096 784 2132 Va
864 2094 921 2131 olf
1013 2098 1035 2130 ὁ
1061 2094 1138 2140 ἔχει
1167 2093 1302 2140 scripsi
1326 2105 1347 2129 ο
1375 2094 1410 2129 V
1446 2089 1522 2141 εἶχε
1542 2093 1655 2130 ΥαΥο

294 2143 403 2179 Wolf
477 2148 499 2179 9
525 2142 681 2189 ἀγγέλλῃ
716 2141 851 2188 scripsi
882 2141 1018 2189 ἀγγελῆ
1047 2143 1081 2179 Υ
1108 2142 1174 2178 sed
1208 2155 1232 2188 η
1257 2141 1297 2177 in
1329 2154 1362 2177 ει
1393 2151 1476 2177 cort
1499 2141 1567 2185 ω’,
1599 2140 1656 2177 Va

295 2192 445 2238 ἀγγελεῖ
468 2192 520 2228 Vo
547 2190 654 2226 Wolf
671 2193 677 2237 Ι
699 2190 746 2236 δὴ
772 2190 924 2236 reposui
948 2201 969 2226 e
994 2189 1101 2226 libris
1125 2190 1170 2225 ut
1179 2189 1264 2226 coni
1283 2188 1391 2225 Wolf
1401 2188 1486 2224 Add
1499 2191 1567 2225 861
1588 2187 1656 2224 διὰ

295 2239 404 2275 Wolf
429 2238 478 2286 νὴ
505 2236 582 2275 Δία
621 2238 676 2275 Ro
750 2241 793 2273 12
821 2240 872 2285 τῷ
902 2238 1004 2280 αὐτῷ
1022 2237 1061 2282 (i.
1078 2247 1110 2274 e·
1130 2236 1307 2284 Μαξίμῳ)
1319 2236 1401 2274 ΒΥἰ
1469 2240 1512 2271 15
1525 2234 1654 2282 λέγειν,

297 2286 403 2333 ἡμεῖς
421 2285 554 2332 scripsi
573 2297 594 2322 e
620 2286 657 2322 V
687 2284 807 2333 λέγειν
836 2287 933 2331 ἡμῖν,
961 2285 1078 2322 VaVo
1097 2284 1204 2321 Wolf
1242 2283 1470 2330 NysamSVi
1543 2287 1588 2319 16
1607 2283 1656 2324 ὡς

297 2336 386 2371 anto
410 2334 504 2380 πρὸς
527 2333 558 2371 8
630 2336 675 2370 18
699 2332 795 2379 μηδὲ
822 2333 868 2370 Vs·
911 2335 918 2379 Ι
962 2330 1038 2369 τίνι
1062 2332 1196 2378 scripsi
1229 2344 1248 2368 e
1275 2331 1456 2369 VVoSVi
1501 2329 1576 2367 τίσι
1602 2330 1656 2367 Va

297 2381 406 2418 Wolf
477 2384 522 2417 19
548 2380 691 2427 ἀμύναι
716 2381 773 2417 Υα
784 2381 833 2416 Υο
921 2384 967 2416 20
991 2380 1042 2426 μὴ
1067 2380 1218 2426 reposui
1244 2391 1264 2415 s
1288 2379 1397 2415 libris
1422 2379 1465 2415 uia
1489 2378 1575 2414 coni
1599 2377 1654 2414 Re

321 2430 414 2476 μηδὲ
439 2428 548 2513 {you
565 2429 572 2476 Ι
595 2428 671 2465 ἐστι
684 2427 800 2474 (ἐστιν
817 2428 888 2474 Va)
913 2427 1004 2464 libri
1023 2427 1130 2463 Wolf
1147 2430 1153 2473 Ι
1176 2438 1234 2463 σοι
1259 2428 1347 2473 post
1371 2425 1449 2463 ἐστί
1472 2426 1502 2463 S
1520 2427 1527 2473 Ι
1548 2424 1654 2462 κατέ·

298 2488 413 2514 νεῡσα
470 2488 492 2514 0
