1806 2964
611 224 879 261 Emswmss
906 227 1098 261 aes-400
1203 214 1205 216 ’
1450 222 1539 266 395

162 338 246 392 ἔφη
283 338 337 379 τὰ
374 336 682 392 πεπραγμένα
719 338 864 395 αὐτῷ,
905 337 1184 386 καθεύδεις·
1230 337 1274 378 εἰ
1309 334 1358 377 δὲ
1396 335 1539 384 εἰδὼς

165 403 275 460 περὶ
306 405 541 446 τοιούτων
573 404 762 458 τρόπων
794 404 1049 452 τοιούτους
1081 402 1316 451 ἐπαίνους
1346 402 1540 459 ἐργάζῃ,

163 471 247 514 τὸν
273 469 358 524 μὲν
383 470 509 520 ὅπως
539 470 804 523 κοσμήσεις
835 471 1012 523 ζητεῖς,
1044 470 1161 522 ἐμοῦ
1195 467 1243 510 δὲ
1269 469 1323 510 οὐ
1349 468 1541 521 σφόδρα

167 537 306 594 κήδῃ.
349 535 598 590 πειρωμένου
624 536 667 578 δέ
692 551 771 590 μου
796 535 866 586 τὰς
891 537 1131 591 κατηγορίας
1155 537 1265 577 λύειν
1290 534 1419 589 ἄνδρα
1444 534 1543 586 ἔφα-

167 616 264 645 σκεν
287 602 518 653 ἀξιόπιστον
543 603 692 656 ἥκοντα
723 602 762 652 ἐξ
784 599 938 651 Ἰωνίας
964 601 1252 656 ἀπηγγελκέναι
1282 601 1348 641 καὶ
1374 600 1429 654 μὴ
1455 601 1542 641 δεῖν
1580 614 1596 641 5

170 685 217 723 με
242 668 429 724 ἐνοχλεῖν.
474 672 513 710 4.
540 667 594 718 ὥς
625 668 698 722 μὲν
732 663 808 710 οὖν
832 668 908 710 οὐκ
938 667 1200 722 ἠδικήκαμεν,
1235 664 1339 719 ἀλλ’,
1372 668 1481 720 εἴπερ
1505 682 1544 707 τι

165 734 320 790 συνέβη
346 735 555 786 δύσκολον,
579 734 834 789 ἠτυχήκαμεν
851 735 1078 787 ἐπίσταμαι·
1107 734 1177 776 τόν
1195 749 1235 775 τε
1259 733 1335 789 γὰρ
1362 736 1433 774 σὺν
1458 733 1543 773 ἐπί-

168 814 314 855 σταμαι
337 801 487 855 τρόπον
511 801 633 850 αὐτός
658 802 697 842 τέ
727 802 807 854 εἰμι
833 807 914 842 τῶν
938 799 1228 855 πεπληγμένων
1253 800 1333 841 ὑπὸ
1366 807 1446 840 τῶν
1472 799 1543 855 ῥᾳ-

170 868 267 917 δίως
285 866 563 921 ψευδομένων.
602 869 641 909 5.
666 866 693 908 ἃ
713 864 751 908 δ’
774 861 850 908 οὖν
869 867 948 909 ἔδει
966 866 1156 922 γενέσθαι
1175 865 1287 920 ἡμῖν,
1306 865 1406 907 κατὰ
1425 872 1543 906 τοῦτο

168 933 222 976 οὐ
245 932 483 988 πέπρακται·
519 933 569 974 σὺ
595 931 633 974 δ’
661 934 703 975 εἴ
720 930 796 974 τιν’
826 932 952 987 ἄλλην
977 932 1074 975 ὁδὸν
1099 932 1217 990 ὁρᾷς,
1256 932 1358 988 πρὸς
1391 931 1444 985 ἣν
1469 932 1543 985 ἔχω
1565 946 1600 972 ιο

171 1016 207 1041 τι
234 1000 456 1053 δυνάμεως,
481 999 676 1042 ἐπίστελλε
700 1001 771 1042 καί
793 1015 840 1052 με
866 1000 915 1041 οὐ
942 1000 1086 1054 φήσεις
1117 999 1241 1054 ἀργὸν
1266 996 1379 1040 εἶναι.
1432 1001 1470 1039 6.
1497 997 1544 1039 τὰ

172 1064 217 1108 δὲ
235 1072 306 1107 τοῦ
325 1066 554 1121 κακούργου
573 1067 722 1108 δούλου
741 1066 809 1107 καὶ
828 1073 908 1108 τῶν
927 1073 1106 1121 χρηστῶν
1120 1066 1306 1118 ἀδελφῶν
1325 1060 1401 1106 ὧδε
1421 1065 1544 1118 ἔσχεν.

168 1130 363 1187 ἄρχοντος
376 1129 603 1187 Ὅνωράτου
622 1134 860 1187 στρατιώτης
879 1128 941 1174 ἐπ’
965 1132 1113 1181 αὐτοὺς
1132 1131 1264 1173 ἐλθὼν
1283 1131 1418 1185 λαβὼν
1437 1127 1544 1185 ἦγεν.

171 1198 230 1241 ἔτι
254 1197 298 1240 δὲ
322 1198 457 1240 αὐτῶν
474 1198 540 1240 ἐπὶ
564 1205 636 1252 τῆς
660 1200 823 1254 πορείας
848 1198 977 1241 ὄντων
1003 1198 1024 1240 ὁ
1049 1198 1122 1252 μὲν
1141 1199 1368 1252 ἀπήλλακτο
1387 1204 1458 1251 τῆς
1477 1196 1545 1251 ἀρ-

171 1270 261 1320 χῆς,
285 1263 307 1305 ὁ
333 1263 377 1306 δὲ
401 1264 560 1319 ἀφῆκεν
585 1264 659 1314 οὓς
683 1261 768 1320 ἦγε,
793 1266 918 1319 δῆλον
943 1263 998 1314 ὡς
1018 1265 1268 1318 ἀποδόμενος
1287 1265 1361 1317 τὴν
1385 1263 1545 1315 ἄφεσιν.
1567 1277 1600 1304 15

178 1335 218 1373 7.
248 1338 372 1373 ταῦτα
407 1331 531 1387 γνοὺς
562 1333 778 1386 Νεβρίδιος
816 1331 963 1384 διπλῆν
999 1331 1208 1386 πράττεται
1244 1331 1438 1386 τιμωρίαν
1476 1329 1546 1371 τὸν

174 1397 431 1451 στρατιώτην.
469 1398 719 1453 μαστιγώσας
744 1397 820 1452 γὰρ
845 1397 1023 1452 ἐκβάλλει
1048 1404 1119 1438 τοῦ
1143 1397 1367 1453 καταλόγου
1392 1396 1460 1438 καὶ
1487 1392 1542 1436 δι’

173 1461 306 1505 ἄλλων
330 1463 508 1512 ἐκείνους
539 1463 734 1517 ἀναζητεῖ.
785 1464 912 1514 οὕτως
944 1461 1042 1517 ἡμῖν
1066 1470 1147 1504 τῶν
1172 1465 1374 1519 δυσχερῶν
1399 1464 1447 1504 τὰ
1472 1462 1547 1517 μὲν

174 1528 390 1584 ἐπέρχεται,
407 1530 454 1571 τὰ
481 1528 524 1572 δὲ
549 1529 624 1572 οὐκ
649 1530 779 1571 ἐθέλει
803 1534 993 1584 λυθῆναι.
1029 1531 1096 1572 δεῖ
1113 1529 1249 1584 μέντοι
1273 1530 1473 1571 πιστεύειν
1493 1529 1547 1579 ὣς

177 1596 263 1650 ἥξει
286 1595 380 1638 ποτὲ
403 1596 543 1651 καιρὸς
565 1603 637 1638 τοῦ
662 1597 864 1651 βελτίονος
887 1598 1026 1638 πίθου.
1566 1609 1603 1636 20

253 1753 297 1786 13
324 1750 444 1787 Seeck
472 1753 538 1786 179
616 1754 660 1787 16
687 1750 806 1787 Seeck
831 1754 900 1786 219
977 1754 1024 1787 20
1048 1751 1091 1787 Il.
1118 1765 1148 1787 ω
1174 1754 1255 1787 527.
1289 1750 1385 1787 Plat.
1414 1761 1493 1797 rep.
1513 1750 1547 1786 11

177 1809 216 1846 p.
236 1800 306 1835 879
321 1798 365 1835 D.
390 1798 573 1835 Themis&
594 1810 647 1835 or.
667 1798 719 1835 Vl
739 1811 776 1845 p.
798 1802 843 1835 ’19
853 1798 892 1835 G.
918 1799 1137 1846 Richtsteig
1163 1803 1208 1836 95

251 1948 275 1980 4
298 1943 368 1987 τὰς
391 1943 525 1991 scripsi
550 1955 572 1981 e
598 1945 636 1981 V
654 1945 721 1981 sed
745 1944 772 1981 ὰ
796 1955 843 1981 ex
867 1950 892 1992 ῆ
917 1956 1001 1982 corr
1022 1945 1081 1981 m⁴
1115 1951 1182 1993 τῆς
1207 1947 1261 1982 Va
1271 1946 1379 1983 VoVi
1403 1944 1512 1982 Wolf

179 1996 202 2028 6
229 1989 298 2029 οὖν
324 1992 467 2029 inserui
490 2003 512 2028 e
540 1994 575 2030 V
594 1993 661 2029 sed
687 1993 789 2030 inser
813 1993 881 2039 ω’,
904 1995 949 2030 Vi
967 2005 1028 2030 om
1058 1995 1111 2031 Va
1120 1995 1172 2031 Vo
1192 1993 1302 2030 Wolf
1319 1997 1324 2038 Ι
1347 1991 1550 2039 ἐπίσταμαι

180 2042 267 2087 post
290 2040 535 2087 ἠδικήκαμεν,
560 2052 636 2077 non
661 2044 749 2087 post
768 2045 787 2077 7
809 2040 1047 2104 ᾐτυχήκαμεν
1076 2043 1111 2079 V
1173 2046 1193 2078 6
1220 2039 1350 2078 ἀλλ’-
1368 2045 1387 2076 7
1402 2041 1550 2078 ἐπίστα-

179 2102 250 2135 μαι
273 2100 334 2125 om
363 2090 411 2125 Vi
485 2093 529 2125 10
554 2091 600 2126 οὐ
620 2100 682 2125 om
713 2090 754 2126 Vi
774 2092 781 2137 Ι
802 2103 851 2137 ην
878 2090 935 2127 Va
1019 2095 1062 2127 11
1087 2088 1125 2127 τί
1152 2090 1203 2127 Vo
1285 2094 1330 2126 13
1356 2090 1550 2131 ὄνωράτου

190 2137 306 2174 VaVo
319 2138 361 2174 Vi
392 2135 609 2182 Ὡνωράτου
635 2137 744 2174 Wolf
771 2139 819 2175 cf.
840 2138 890 2174 ad
915 2149 964 2184 ep
994 2142 1063 2174 251
1152 2143 1196 2174 14
1221 2137 1379 2183 πορείας
1405 2138 1457 2175 Vo
1483 2138 1551 2173 sed

182 2198 196 2221 ι
220 2185 324 2221 inser
348 2184 406 2220 m'
489 2189 530 2221 15
556 2186 626 2222 οὐκ
652 2188 741 2222 ante
767 2188 916 2233 ἀφῆκεν
946 2188 997 2223 Va
1008 2187 1114 2224 VoVi
1137 2186 1247 2223 Wolf
1287 2186 1409 2223 delevi
1443 2189 1449 2232 Ι
1483 2187 1552 2232 δὴ·

180 2235 248 2270 λον
273 2233 407 2279 scripsi
432 2243 453 2270 θ
481 2235 514 2270 V
544 2235 670 2280 δηλῶν
699 2235 866 2271 VaVoVi
879 2234 988 2271 Wolf
1064 2238 1108 2272 19
1135 2234 1342 2283 ἐπέρχεται,
1366 2235 1414 2271 τὰ
1433 2233 1476 2271 δὲ
1496 2236 1551 2272 Va

180 2281 249 2319 ned
274 2294 368 2328 εται,
389 2280 439 2318 τὰ
463 2283 489 2318 δ
513 2281 577 2319 del
600 2283 641 2318 et
662 2282 721 2318 m‘
742 2285 891 2320 restant
