1806 2964
633 224 901 261 EPISTULAE
927 227 1118 260 481—483
1467 223 1553 267 461

809 333 914 391 υπγ’.
1456 343 1504 378 w
1535 346 1627 379 1088

662 422 912 478 Θεμιστίῳ.
965 432 1074 474 (356)

241 511 279 547 1.
305 503 374 548 Δι’
397 505 419 548 ὃ
444 505 519 560 μὲν
539 505 721 559 ὀκνηρῶς
745 506 846 560 πρὸς
866 505 909 547 τὸ
934 505 1171 547 ἐπιστέλλειν
1196 505 1324 559 ἔσχον,
1349 506 1456 561 παρὰ
1475 512 1556 546 τῶν

175 572 421 627 γραμμάτων
445 572 618 626 ἔμαθες,
645 572 754 624 εἴπερ
780 571 937 625 ἔλαβες,
962 570 989 612 ἃ
1013 570 1082 612 διὰ
1106 578 1186 612 τῶν
1211 572 1372 613 Βάσσου
1397 572 1556 612 παίδων

175 638 367 691 ἔπεμπον.
403 639 578 692 Μάλχον
597 636 641 679 δὲ
665 637 824 679 τουτονὶ
849 638 950 692 πρὸς
975 638 1080 691 ὑμᾶς
1098 636 1402 690 ἀφικνούμενον
1422 637 1476 691 μὴ
1497 635 1550 677 δι’
1593 650 1610 677 s

179 703 278 758 ἐμοῦ
309 716 374 745 σοι
406 703 596 758 γενέσθαι
629 705 751 756 φίλον
775 710 856 744 τῶν
880 703 1041 745 ἀτόπων
1070 703 1255 756 ἐφαίνετό
1287 719 1367 757 μοι.
1419 707 1456 744 2.
1495 704 1555 744 ὅτι

178 768 254 823 μὲν
277 770 354 825 γὰρ
378 769 447 811 καὶ
472 769 593 824 χωρὶς
618 769 725 823 ἐμῶν
749 770 990 824 γραμμάτων
1015 765 1134 819 οὗτός
1151 785 1190 810 τε
1214 776 1286 823 τῆς
1309 769 1410 819 νεὼς
1435 769 1556 824 ἐκβὰς

177 835 220 878 σὲ
256 837 335 892 πρὸ
361 842 442 876 τῶν
477 834 608 877 ἄλλων
634 835 762 885 εὐθὺς
796 835 927 889 ἔμελλε
963 835 1146 888 ζητήσειν
1180 836 1230 877 σύ
1265 851 1305 877 τε
1339 836 1555 887 προσιόντα

175 909 321 944 τοῦτον
345 901 400 952 ὡς
425 900 660 955 ἡμερώτατα
691 901 897 955 δέξεσθαι,
930 903 1069 956 δῆλον,
1101 906 1238 960 μακρῷ
1268 900 1311 943 δὲ
1336 902 1455 955 ἥδιον
1479 902 1554 954 ἆμ-

177 972 277 1020 φοῖν
308 966 374 1021 ἐμὲ
406 968 477 1009 τὸν
502 969 730 1023 συνάγοντα
759 964 875 1009 εἶναι.
927 970 966 1009 3.
992 968 1162 1022 Μάλχος
1193 967 1266 1021 μὲν
1298 964 1373 1010 οὖν
1396 969 1555 1023 πλήρης
1575 982 1611 1008 ιο

179 1032 239 1075 ὢν
262 1040 343 1076 τῶν
362 1034 451 1089 περὶ
477 1040 553 1076 σοῦ
572 1034 703 1089 λόγων
722 1034 870 1089 ἔρχεται
888 1033 983 1083 τοὺς
1002 1032 1074 1087 μὲν
1093 1031 1187 1088 παρ’
1210 1034 1308 1087 ἐμοῦ
1328 1035 1555 1088 δεξάμενος,

175 1099 273 1150 τοὺς
291 1099 334 1142 δὲ
354 1096 451 1154 παρ’
468 1099 615 1154 ἄλλων,
635 1102 676 1142 οἳ
691 1095 786 1154 παρ’
803 1098 903 1153 ἐμοῦ
922 1099 1123 1153 μαθόντες
1138 1098 1282 1150 ἄλλους
1301 1101 1554 1142 διδάσκουσι·

179 1165 271 1221 περὶ
295 1165 338 1208 δὲ
365 1167 480 1207 τοῦδε
500 1167 644 1220 γράφω
663 1173 868 1219 τοσοῦτον,
888 1166 948 1207 ὅτι
966 1166 1132 1221 χρηστὸς
1157 1165 1230 1219 μὲν
1250 1165 1305 1216 ὥς
1329 1167 1405 1208 οὐκ
1423 1165 1555 1218 ἄλλος,

179 1231 391 1287 ῥητορικὸς
426 1230 469 1273 δὲ
505 1231 579 1286 οὐχ
612 1228 732 1285 ἧττον
764 1230 791 1286 ἢ
825 1232 1003 1287 χρηστός.
1055 1235 1094 1272 4.
1121 1234 1226 1274 ποίει
1260 1232 1303 1274 δὲ
1336 1232 1410 1285 τὴν
1435 1233 1555 1275 πόλιν

174 1298 287 1356 αὐτῷ
318 1298 510 1352 τοιαύτην
551 1298 649 1340 ὥστε
684 1298 808 1340 αὐτὸν
842 1298 1022 1340 ἐπαινεῖν
1055 1305 1127 1351 τῆς
1161 1298 1279 1353 ὁδοῦ,
1314 1302 1465 1352 μᾶλλον
1496 1299 1554 1350 δέ,
1574 1310 1608 1338 ιε

177 1363 301 1406 οὐδέν
326 1376 368 1406 σε
394 1365 460 1405 δεῖ
478 1364 527 1405 τὰ
552 1362 652 1405 ἄλλα
676 1369 830 1418 πονεῖν,
856 1360 942 1405 ἀλλ’
966 1363 1020 1418 ἣν
1038 1366 1089 1405 ἲν
1107 1372 1224 1406 τοῦτο
1249 1366 1390 1422 χαρίσῃ
1416 1365 1459 1407 τὸ
1484 1380 1554 1405 νο-

178 1431 291 1483 μίσαι
320 1430 391 1472 τὸν
418 1429 549 1486 ἄνδρα
575 1427 661 1480 οἷός
687 1429 767 1472 ἐστι
801 1430 869 1471 καὶ
902 1431 1143 1486 γράψασθαι
1168 1430 1211 1472 ἐν
1230 1431 1482 1484 ἐπιτηδείοις,
1508 1431 1554 1471 τὰ

179 1495 341 1551 μέγιστα
365 1495 609 1538 ἀπολέλαυκε
635 1503 706 1550 τῆς
730 1495 841 1537 ὁδοῦ.

254 1628 273 1659 1
308 1624 358 1660 Vl
380 1623 427 1670 γ’,
452 1624 544 1670 ρογ’.
581 1625 635 1661 Va
660 1624 702 1670 ε’,
729 1624 772 1669 ρ’.
800 1626 829 1661 S
853 1624 904 1669 α’,
930 1624 990 1664 ις’.
1027 1626 1072 1660 Γί
1097 1624 1166 1672 [q']

255 1747 277 1779 2
304 1743 450 1780 Sievers
476 1747 525 1780 84
551 1745 629 1781 not.
650 1747 707 1781 85.
736 1744 855 1781 Seeck
883 1749 965 1781 295.
992 1749 1060 1780 327
1127 1750 1147 1781 3
1166 1757 1223 1791 ep.
1246 1750 1314 1781 476
1379 1751 1399 1781 4
1426 1746 1471 1781 cf.
1493 1756 1552 1791 ep.

178 1795 252 1828 482
329 1795 351 1828 ε
377 1792 425 1829 cf.
445 1803 504 1838 ep.
527 1795 609 1828 482.
630 1795 713 1829 484.
733 1797 803 1829 485

253 1915 275 1947 2
304 1911 487 1958 Θεμιστίῳ
523 1912 658 1959 scripsi
685 1923 705 1948 e
733 1914 828 1949 VVa
871 1924 934 1949 om
959 1914 989 1950 S
1009 1919 1060 1949 τῶ
1080 1913 1181 1949 αὐτῶ
1208 1914 1232 1949 i.
1259 1923 1291 1949 e.
1317 1913 1488 1960 φιλίππω
1510 1916 1555 1950 Vi

179 1962 364 1997 Νικοκιει
392 1972 412 1996 e
444 1961 534 1997 Par.
561 1963 661 1998 3073
692 1962 752 2008 (=
776 1964 892 2006 2022)
924 1963 964 1997 et
991 1963 1090 1998 Mat.
1124 1962 1156 1998 0
1178 1963 1238 2006 (=
1263 1964 1327 2009 25)
1358 1962 1467 1998 Wolf

181 2011 204 2044 3
217 2007 280 2044 διὸ
289 2009 346 2045 Va
400 2012 422 2044 ⁶
438 2010 579 2054 μᾶλλον
592 2009 620 2045 S
675 2012 695 2044 '1
715 2021 754 2045 τε
766 2011 855 2055 post
874 2006 985 2052 οὗτος
996 2010 1099 2046 inser
1112 2009 1204 2046 V⁴S
1244 2021 1306 2046 om
1328 2011 1384 2046 Va
1394 2011 1439 2046 Vi
1447 2009 1558 2046 Wolf

180 2059 204 2091 8
228 2068 269 2093 τε
293 2057 383 2103 poet
407 2055 449 2092 σέ
476 2055 582 2092 Wolf
622 2057 746 2093 delevi
820 2061 841 2093 9
866 2057 1110 2104 ἡμερώτατον
1135 2059 1171 2094 V
1191 2057 1259 2094 sed
1284 2071 1329 2094 ον
1353 2059 1395 2094 in
1420 2072 1446 2094 α
1471 2070 1554 2095 corr

183 2104 240 2140 ιιι*
261 2105 268 2150 Ι
290 2102 478 2148 δέξασθαι
497 2104 588 2140 libri
607 2105 675 2141 uod
694 2119 720 2141 α
738 2105 780 2140 in
799 2118 817 2142 ε
836 2116 921 2141 corr
946 2106 1001 2143 V·
1052 2109 1095 2142 11
1118 2103 1238 2143 ὄντῶν
1264 2106 1320 2142 Va
1381 2110 1425 2142 12
1445 2106 1552 2151 ἀλλή-

180 2154 269 2193 λους
294 2152 350 2188 Va
371 2155 378 2199 Ι
400 2151 648 2190 διδάσκουσιν
674 2153 770 2190 VVa
830 2157 874 2190 1³
894 2153 946 2196 ὡς
964 2165 1027 2191 om
1053 2154 1101 2190 Vi
1151 2157 1195 2189 14
1221 2152 1322 2201 δὲ(1)
1347 2154 1404 2191 εἰσ
1430 2156 1466 2191 V
1485 2155 1554 2191 sed

182 2199 239 2236 εἰσ
263 2209 346 2236 erae
380 2203 387 2241 Ι
415 2199 519 2237 ποίει
543 2201 678 2248 scripsi
703 2212 724 2237 e
751 2202 787 2238 V
807 2201 873 2238 sed
899 2202 940 2237 in
964 2207 1070 2238 ποιεῖ
1093 2212 1176 2238 con·
1199 2202 1268 2247 ω’,
1292 2203 1338 2238 ut
1362 2203 1449 2239 coni
1474 2202 1529 2239 Re

181 2253 288 2284 ποιεῖ
310 2248 455 2285 VaSVi
480 2247 589 2285 Wolf
653 2252 696 2285 15
723 2250 826 2298 αὐτῷ
854 2250 890 2286 V
908 2249 1018 2286 Wolf
1082 2253 1126 2285 16
1145 2249 1260 2286 τᾶλλα
1288 2251 1334 2286 Vi
1353 2252 1360 2296 1
1383 2250 1424 2287 ἓν
1441 2256 1553 2288 τοῦτο

181 2295 363 2381 ἕιῖγὶροὲγο
376 2297 425 2379 ἕ
445 2296 516 2391 'sed¹
539 2308 584 2333 ex
609 2296 650 2333 ἐν
676 2297 901 2380 τούτῗδοοτι·
925 2298 994 2381 κε’,
1027 2298 1151 2381 VaRut
1176 2297 1410 2381 canvfflif‘v
1434 2298 1554 2382 1¹0⁷(er

255 2355 272 2380 ι
352 2355 374 2380 o
479 2358 522 2381 το
547 2355 701 2391 reposui
726 2356 747 2381 e
788 2357 800 2380 ι
828 2356 881 2380 ns
907 2357 933 2381 u
974 2357 1060 2382 eom
1119 2356 1140 2382 e
1176 2359 1228 2395 τῳ
1305 2357 1328 2382 ο
1514 2360 1552 2383 τι

180 2393 269 2438 pout
293 2390 445 2439 νομίσαι
470 2393 526 2429 Va
