1806 2964
747 203 989 241 EPISTULA
1014 207 1060 240 95
1228 200 1230 203 ’
1535 203 1594 248 95

211 326 328 362 τοῦτο
353 318 529 374 ἐμαυτοῦ
556 318 693 372 καλόν,
719 319 757 360 εἰ
778 321 832 377 τῷ
855 317 1023 376 τοιούτῳ
1048 317 1124 371 τὴν
1148 318 1276 370 φύσιν
1301 319 1452 372 χαίρων
1477 316 1595 371 ἐφαι-

213 387 364 440 νόμην.
403 389 442 428 5.
463 385 536 427 ,καὶ
567 386 669 440 δῆτα
699 385 808 444 αὐτῷ
831 384 1075 438 συνηυξήθη
1105 384 1163 426 τὸ·
1181 391 1253 439 τῆς
1283 384 1513 439 ἐπιεικείας,
1538 383 1594 439 ἣν

212 452 288 507 οὐχ
313 447 433 506 ἦττον
459 453 608 507 Σύρων
633 452 830 507 ἐγνώκασι
859 452 1005 500 πάντες
1031 448 1086 493 δι’
1114 451 1222 493 ὅσων
1246 447 1395 506 ἦλθεν,
1420 447 1524 506 ἦλθε
1550 451 1594 494 δὲ

211 519 281 561 διὰ
305 520 519 572 πλείστων,
550 517 673 572 ἡνίκα
697 517 933 573 ἐπρέσβευσε
958 517 1026 559 καὶ
1057 519 1318 560 κατεσκεύασε
1352 522 1435 568 τοῖς
1466 518 1593 560 αὑτοῦ

211 585 374 641 τρόποις
399 586 522 635 δόξαν
546 585 622 639 τὴν
646 585 797 639 ἀμείνω
822 589 875 642 τῷ
901 583 1017 640 γένει.
1055 584 1153 626 ὥστε
1184 601 1254 638 μοι
1283 587 1444 635 πάντως
1470 584 1522 627 ἂν
1545 585 1591 628 ἐν

213 653 501 710 δημοκρατίαις
531 652 599 694 καὶ
631 656 948 705 στεφανωθῆναι
981 653 1099 694 δοκεῖ
1120 658 1238 694 τοῦτο
1270 647 1316 693 εὖ
1349 653 1593 706 πεποιηκώς.

214 720 253 760 6.
279 718 323 761 τὸ
349 718 393 760 δὲ
418 718 618 774 μέγιστον,
643 718 852 774 ἀγχίνοιαν
875 718 950 774 γὰρ
970 718 1035 760 καὶ
1056 719 1260 776 πρᾳότητα
1279 719 1478 772 τοσαύτην
1503 719 1594 761 ἕκα-

212 783 331 840 τέραν
366 781 429 827 ἐπ’
457 785 580 827 ἄλλου
611 801 684 827 του
721 789 1002 827 συνελθοῦσαν
1033 786 1109 827 οὐκ
1140 782 1255 839 οἶδα,
1285 787 1416 828 καίτοι
1445 786 1490 829 τὸ
1521 784 1595 840 μὲν

213 849 383 906 ἡσύχιον
415 859 501 901 πῶς
532 851 608 894 οὐκ
639 850 712 902 ὀξὺ
752 852 1010 906 λογίσασθαι;
1042 852 1086 893 τὸ
1118 851 1162 895 δὲ
1193 851 1378 909 ὀξύτερον
1410 852 1594 902 ἐπιεικῶς

213 917 282 959 καὶ
319 919 553 973 ταραχῶδες.
592 914 678 959 ἀλλ’
708 913 825 968 οὗτός
855 934 898 973 γε
929 917 1112 974 ἐκέρασεν
1137 917 1260 973 ἄμφω
1291 919 1357 961 καὶ
1391 923 1595 961 συνοικεῖν

215 984 370 1027 ἔπεισεν
397 983 568 1040 ἡσυχίαν
593 985 758 1040 γνώμης
783 980 866 1039 μετ’
889 986 1103 1040 εὐβουλίας
1127 985 1379 1040 κεκτημένος,
1404 986 1596 1028 ἐντεῦθεν

216 1050 350 1106 εὑρεῖν
369 1052 412 1094 τὸ
433 1050 526 1094 δέον
546 1051 714 1101 οὐδενὸς
734 1052 910 1106 ὕστερος,
929 1056 982 1110 τῷ
1001 1052 1043 1094 δὲ
1063 1052 1180 1111 ἑτέρῳ
1198 1055 1358 1103 πάντως
1375 1055 1598 1108 κράτιστος,

216 1117 339 1173 λόγου
358 1117 427 1160 καὶ
446 1125 601 1172 σιωπῆς
619 1118 775 1174 καιρόν,
801 1119 910 1173 εἴπερ
936 1135 1008 1172 τις,
1032 1119 1281 1174 ἐπεγνωκώς,
1300 1119 1473 1175 ἄρχοντα
1497 1118 1597 1175 ἀγα-

216 1185 300 1226 θὸν
325 1184 399 1238 μὲν
429 1184 655 1238 ἐπαινέσαι,
684 1191 756 1227 τοῦ
790 1184 833 1227 δὲ
865 1186 915 1228 οὐ
946 1186 1131 1227 τοιούτου
1163 1187 1385 1240 φείσασθαι
1409 1185 1597 1241 (εἰδώς),

215 1251 396 1305 κτήματα
421 1251 470 1292 τὰ
493 1256 658 1309 πατρῷα
684 1251 758 1306 μὲν
783 1252 1078 1305 διαφυλάττων,
1103 1252 1151 1293 τὰ
1177 1252 1220 1294 δὲ
1243 1259 1325 1294 τῶν
1349 1254 1520 1306 πλησίον
1546 1253 1596 1294 ού

217 1316 480 1372 περικόπτων.
525 1322 561 1360 7.
592 1318 714 1367 αὐτὸς
746 1317 798 1359 ἂν
831 1318 931 1373 πρὸς
964 1318 1087 1362 ἄλλον
1118 1320 1246 1369 εἴποις
1276 1319 1344 1361 καὶ
1375 1327 1498 1361 ’ταῦτα
1529 1320 1597 1362 καὶ

217 1385 359 1426 πλείω·
384 1384 456 1426 τὸν
479 1384 555 1440 γὰρ
580 1386 737 1439 ναύτην
762 1381 847 1427 οἶδε’
878 1400 959 1427 που
985 1384 1007 1427 ὁ
1038 1386 1289 1441 κυβερνήτης
1313 1376 1382 1428 καῖ
1412 1387 1507 1436 τοὺς
1530 1403 1597 1441 χο-

217 1450 361 1505 ρευτὰς
386 1450 408 1493 ὅ
433 1456 669 1505 κορυφαῖος.
707 1459 851 1494 τοῦτον
877 1446 952 1493 οὗν
977 1452 1048 1494 τὸν
1071 1459 1255 1495 τοιοῦτον
1288 1454 1480 1508 χορευτὴν
1505 1449 1598 1495 οἶδα

218 1517 279 1559 ὅτι
304 1513 360 1559 δι’
380 1517 604 1572 ἐπιμελείας
622 1519 774 1576 ποιήσῃ
794 1518 910 1573 χάριν
929 1534 968 1560 τε
989 1520 1128 1569 διδοὺς
1147 1523 1232 1568 τοῖς
1251 1524 1446 1574 χρηστοῖς,
1471 1520 1598 1564 ἅπασι.

217 1583 295 1640 γὰρ
320 1585 438 1626 τοῦδε
470 1585 596 1639 μέλει,
627 1584 696 1626 καὶ
729 1586 931 1627 διδάσκων
967 1585 1063 1635 τοὺς
1099 1585 1360 1641 ἀρχομένους,
1396 1586 1455 1628 ὅτι
1490 1587 1598 1637 ὅστις

217 1649 364 1705 ἀρετὴν
395 1652 543 1704 διώκει,
569 1652 760 1707 πρότερος
788 1651 899 1706 παρὰ
923 1651 988 1693 σοὶ
1018 1658 1099 1693 τῶν
1124 1653 1284 1706 ἐκείνην
1308 1653 1384 1695 οὐκ
1409 1652 1597 1708 ἀγαπών-

295 1772 313 1803 1
339 1765 445 1804 τοῦτ’
461 1768 605 1805 SVind
678 1772 699 1804 2
726 1767 810 1813 δῆτ’
832 1769 975 1807 SVind
1048 1773 1070 1804 3
1096 1767 1120 1814 ἢ
1147 1771 1235 1805 ante
1262 1768 1316 1805 δι’
1332 1770 1422 1807 SVs·
1459 1771 1466 1817 Ι
1506 1781 1597 1809 voce

220 1813 275 1852 δι’
296 1815 359 1852 inc
379 1816 436 1853 Va
497 1821 520 1853 4
539 1818 659 1854 αὐτοῦ
677 1816 767 1853 libri
786 1817 861 1853 edd
921 1822 941 1853 6
965 1818 1168 1863 „sententia
1186 1820 1335 1866 βαρεῖαι
1352 1818 1441 1860 τοὺς
1459 1818 1598 1855 ἑαυτοῦ

221 1863 319 1900 κατὰ
344 1862 464 1910 μόνον
488 1871 599 1901 τοῦτο
619 1867 902 1913 εὐπεποιηκώς“
924 1866 979 1902 Re
1031 1870 1049 1900 7
1077 1866 1149 1912 γὰρ
1176 1877 1237 1902 om
1261 1867 1292 1904 S
1307 1867 1353 1903 Vi
1374 1869 1379 1913 Ι
1401 1866 1597 1914 πραότητα

228 1911 295 1949 VS
308 1913 355 1948 Vi
364 1913 462 1949 Vind
539 1917 562 1950 8
588 1913 702 1951 ἄλλου
726 1928 795 1951 του
821 1915 956 1961 scripsi
982 1925 1068 1950 cum
1093 1914 1313 1961 Mosquensi
1337 1919 1408 1951 459
1429 1915 1545 1953 ἄλλου
1566 1916 1602 1952 V

221 1960 310 1998 SVi
324 1962 424 1998 Vind
454 1960 590 2004 ἄλλους
625 1963 682 2000 Va
696 1963 748 2001 Vo
779 1963 854 2000 edd
887 1967 980 2009 „aut
1009 1963 1124 1999 ἄλλου
1156 1964 1221 2011 leq.
1255 1968 1323 2000 aut
1353 1963 1468 2000 ἄλλου
1504 1967 1595 2001 του“

221 2009 278 2045 Re
307 2009 312 2057 Ι
342 2009 462 2056 ἔγνων
488 2011 590 2048 Vind
686 2015 708 2047 9
733 2017 814 2053 πῶς
846 2012 916 2047 οὐκ
942 2011 1009 2055 ὀξὺ
1043 2012 1094 2047 Vo
1126 2012 1215 2048 sed*
1238 2012 1300 2048 del
1331 2012 1389 2048 ω’
1420 2018 1500 2055 πῶς
1531 2012 1598 2058 ὀξὺ

231 2057 297 2094 VS
321 2059 388 2095 sed
413 2058 454 2094 in
481 2058 554 2094 hoo
579 2072 623 2105 γρ
656 2060 726 2096 οὐκ
760 2059 825 2104 ὀξύ
857 2073 938 2102 πως
963 2062 1005 2096 δε
1037 2058 1264 2106 λογίσασθαι
1295 2060 1335 2096 in
1364 2073 1475 2107 marg
1530 2061 1598 2105 ὀξύ

222 2118 304 2148 πως
334 2107 412 2143 ἐστὶ
446 2108 544 2143 Vind
592 2107 750 2155 ἡσύχιόν
774 2122 855 2150 πως
880 2108 946 2152 ὀξύ
990 2109 1077 2144 coni
1103 2108 1157 2144 Re
1264 2112 1307 2145 12
1342 2111 1507 2155 „wambe
1531 2114 1600 2145 aut

219 2155 351 2200 potius
380 2155 559 2191 πάντων“
587 2155 642 2191 Ro
743 2160 787 2192 13
814 2157 939 2199 δεινὸς
964 2158 1053 2193 ante
1086 2155 1251 2203 ἄρχοντα
1284 2157 1315 2194 S
1412 2163 1456 2195 14
1489 2159 1599 2199 εἰδώς

223 2203 367 2239 inserui
405 2203 480 2240 coll
516 2216 552 2250 p.
587 2207 705 2248 99,18
737 2216 800 2241 om
836 2205 926 2241 libri
963 2205 1038 2241 edd
1139 2210 1182 2242 1⁶
1223 2205 1422 2251 φυλάττων
1454 2208 1504 2244 Vs·

225 2254 269 2286 16
305 2250 419 2289 ἄλλον
443 2252 501 2288 Va
541 2253 608 2288 sed
640 2267 663 2289 ν
696 2253 737 2289 in
774 2267 809 2295 ις
840 2265 924 2290 corr
953 2253 1011 2289 ιιι8
1104 2256 1148 2289 18
1174 2259 1350 2291 τοιοῦτον
1374 2265 1436 2291 om
1461 2255 1564 2293 Vina
1588 2255 1597 2311 l

224 2295 299 2335 οἷδ’
317 2299 350 2336 V
363 2300 464 2338 Vina
485 2297 590 2337 οἶδεν
609 2300 639 2338 S
711 2305 756 2338 19
775 2302 908 2344 διδοὺς
926 2307 1006 2343 τοῖς
1017 2307 1207 2349 χρηστοῖς»
1227 2301 1347 2339 ἅπασι
1365 2303 1437 2350 γὰρ
1462 2303 1600 2349 scripsi

225 2358 246 2383 e
280 2348 347 2386 VS
376 2349 446 2385 'sed
492 2349 533 2385 in
577 2349 648 2386 hoc
679 2349 720 2386 in
762 2361 871 2397 marg
902 2356 1026 2387 σαυτῶ
1064 2350 1214 2391 διδούς·
1258 2350 1378 2387 ἅπασι
1410 2350 1483 2398 γὰρ
1518 2357 1599 2394 τοῖς

223 2403 414 2443 χρηστοῖς,
440 2398 489 2435 Vi
537 2398 685 2440 διδοὺς·
724 2397 844 2434 ἅπασι
877 2398 949 2445 γὰρ
981 2404 1061 2442 τοῖς
1089 2405 1262 2446 χρηστοῖς
1301 2400 1356 2437 Va
1371 2400 1421 2437 Vo
1453 2400 1521 2437 sod
1557 2399 1599 2436 in

223 2443 297 2480 hoe
314 2451 432 2482 πᾶσιν
459 2448 546 2492 post
571 2447 703 2488 διδοὺς
727 2446 831 2483 inser
854 2447 923 2493 111⁴,
944 2447 1044 2484 Vina
1069 2459 1115 2494 pr
1157 2447 1289 2490 διδοὺς
1317 2453 1446 2485 πᾶσιν.
1479 2447 1600 2485 ἅπασι

224 2493 296 2541 γὰρ
321 2500 402 2536 τοῖς
426 2500 598 2541 χρηστοῖς
626 2494 732 2532 Wolf

1617 933 1651 958 10

1616 1266 1652 1292 15

1617 1598 1654 1624 80
