1806 2964
267 219 351 262 738
847 218 1029 256 LIBANII

187 339 238 374 w
264 342 332 376 ‘128
899 328 990 379 ωιξ.

732 418 813 456 Μο
825 414 980 472 δὲστφ.
1033 425 1140 468 (363)

325 502 362 538 1.
393 498 495 548 Τοὺς
518 498 686 551 ποιητὰς
712 493 756 540 εὖ
781 499 903 539 ποίει·
929 499 1047 548 καλὸς
1067 498 1140 553 γὰρ
1160 499 1367 553 θησαυρὸς
1384 495 1480 553 παρ’
1503 498 1620 554 ἀνδρὶ

264 569 410 620 ποιητῇ
436 563 546 618 χάρις
572 562 821 617 ὀφειλομένη.
848 566 995 616 μᾶλλον
1022 562 1076 615 δέ,
1101 560 1217 612 οὗτος
1243 562 1314 617 μὲν
1338 563 1445 619 ἄρξει
1463 565 1619 620 χάριτος

227 643 243 670 ⁶
262 628 305 669 ἐκ
330 629 473 683 λόγων·
509 629 560 670 σὺ
591 627 634 670 δὲ
665 628 723 682 μὴ
755 628 907 685 ἀνάσχῃ
932 628 1120 683 γενέσθαι
1144 635 1223 669 τῶν
1249 627 1505 682 ὀφειλόντων,
1530 626 1615 671 ἀλλ’

262 694 390 743 εὐθὺς
414 693 566 743 ἀπόδος
589 694 663 746 τὴν
688 695 817 749 χάριν,
842 695 1005 748 χρυσίον
1029 682 1117 735 ἀντὶ
1137 700 1294 749 χρυσῶν
1312 693 1430 736 ἐπῶν.
1467 698 1505 736 2.
1530 692 1615 736 ἀλλ’

263 760 370 809 ὅπως
395 755 453 802 ὧν
477 757 571 814 παρ’
607 758 723 813 ἡμῶν
754 760 921 812 λήψεται
952 761 1046 813 μετὰ
1076 761 1120 802 τὸ
1154 760 1341 815 ὑμέτερον
1371 760 1426 814 μὴ
1460 761 1619 804 ἔλαττον

263 825 424 880 γένηται
456 825 499 867 τὸ
534 824 733 879 ὑμέτερον.
777 826 843 866 δεῖ
861 825 934 879 γὰρ
960 822 1060 867 εἶναι
1087 826 1203 879 μείζω
1228 825 1275 867 τὰ
1301 826 1408 881 δῶρα
1431 833 1511 868 τῶν
1535 842 1618 880 μει-

267 892 404 941 ζόνων.

191 994 239 1029 W
265 997 333 1030 729
890 985 988 1039 ωιη’.

210 1087 243 1112 n
738 1070 984 1125 Θεμιστίῳ.
1035 1079 1142 1123 (363)

327 1159 363 1195 1.
381 1151 534 1207 ’Ώιμην
558 1152 753 1206 ἀφεῖσθαι
775 1154 907 1206 πάσης
931 1154 1058 1202 αἰτίας
1083 1149 1164 1206 μετ’
1193 1153 1349 1206 ε’κείνην
1373 1153 1447 1206 τὴν
1466 1153 1618 1195 ἐπιστο-

262 1219 336 1271 λὴν
361 1219 428 1260 καὶ
452 1219 618 1273 γνώμην
641 1215 745 1260 εἶναι
769 1218 832 1259 σοὶ
856 1217 956 1272 πρὸς
980 1217 1047 1270 ἐμὲ
1071 1219 1145 1272 τὴν
1163 1218 1240 1272 πρὸ
1258 1225 1337 1260 τῶν
1355 1218 1619 1274 ἐγκλημάτων.

263 1285 314 1326 σὺ
341 1283 379 1326 δ’
409 1284 486 1340 ἄρα
516 1284 664 1339 ἐχθρόν
697 1284 737 1326 τέ
768 1300 815 1337 με
846 1282 949 1338 ἡγοῦ
981 1283 1047 1324 καὶ
1073 1284 1190 1337 δίκην
1221 1283 1432 1338 ἐπιθήσειν
1455 1284 1618 1337 ἔμελλες.

210 1365 244 1393 15
265 1353 304 1391 2.
328 1351 457 1392 καίτοι
488 1350 511 1391 ὅ
540 1365 584 1404 γε
618 1350 852 1403 θαυμαστὸς
881 1345 1176 1403 Ἁρποκρατίων
1207 1348 1340 1402 μένειν
1370 1349 1516 1402 ἔφασκε
1546 1350 1620 1403 τὴν

262 1416 436 1457 παλαιὰν
460 1417 599 1468 φιλίαν
624 1419 793 1471 θαρρεῖν
817 1430 856 1455 τε
881 1413 1056 1456 ἐκέλευεν
1083 1413 1136 1464 ὡς
1160 1422 1233 1456 σοῦ
1251 1430 1295 1469 γε
1314 1415 1362 1456 οὐ
1382 1416 1619 1469 μεταβεβλη-

264 1481 399 1534 μένου.
443 1481 730 1534 ἐξηπατώμεθα
761 1479 816 1532 δέ,
849 1479 902 1529 ὥς
933 1480 1074 1533 ἔοικεν,
1105 1480 1180 1535 ἐγώ
1212 1495 1250 1521 τε
1274 1479 1457 1530 κάκεῖνος
1481 1480 1530 1521 οὐ
1556 1495 1620 1534 μι-

264 1547 362 1601 κρόν
387 1563 476 1587 τινα
499 1547 659 1602 χρόνον,
683 1546 749 1587 καὶ
775 1547 869 1595 ἴσως
895 1545 1125 1600 ἐκέρδαινον
1150 1544 1418 1599 ἀπατώμενος,
1443 1545 1480 1586 εἰ
1501 1546 1545 1587 τὸ
1564 1545 1620 1599 μὴ

266 1616 481 1653 λυπεῖσθαι
511 1611 651 1666 κέρδος
683 1607 746 1665 ἦν.
799 1614 836 1653 3.
864 1610 917 1660 ὡς
950 1610 993 1653 δὲ
1023 1606 1150 1665 ἦλθεν
1176 1609 1197 1651 ὁ
1223 1611 1337 1665 λόγος
1361 1611 1427 1652 καὶ
1453 1610 1621 1663 διεδόθη

338 1720 355 1750 1
391 1716 458 1752 Vn
479 1714 526 1762 β’,
552 1714 633 1762 my'.
667 1716 722 1751 Va
747 1714 788 1760 ζ’,
814 1714 883 1751 σθ’.
918 1715 970 1751 Vo
994 1713 1067 1760 (ζ),
1086 1714 1153 1750 σδ’.
1175 1715 1255 1751 Mo.
1276 1715 1352 1751 Am
1407 1717 1452 1750 10
1485 1714 1552 1750 Vn
1573 1712 1621 1761 βζ,

265 1763 348 1800 ηδ’.
382 1764 439 1800 Va
463 1763 505 1808 ζ’,
532 1762 593 1799 σε’.
629 1763 679 1800 Vo
703 1762 773 1809 (ζ),
798 1762 860 1798 σε’.
890 1763 968 1799 Μο.
993 1762 1022 1799 S
1046 1761 1094 1806 α’,
1120 1761 1193 1812 μα’.
1228 1763 1274 1798 Vi
1299 1760 1377 1809 [κ’].
1403 1762 1480 1798 Ath

337 1863 358 1894 2
385 1858 502 1895 Seeck
527 1862 607 1894 215.
628 1862 698 1894 397
773 1862 860 1903 3eq.
887 1858 1030 1905 [Iseon]
1055 1858 1161 1894 Dem.
1183 1861 1204 1901 ὅ
1225 1859 1270 1894 29
1294 1869 1331 1902 p.
1352 1857 1406 1892 8b
1475 1861 1517 1892 11
1544 1856 1623 1892 Sie-

263 1918 347 1943 vera
368 1910 412 1942 76
437 1907 516 1942 not.
535 1910 591 1942 86.
619 1906 735 1942 Seeck
761 1909 841 1941 301.
863 1909 930 1941 397
1001 1909 1045 1941 18
1070 1917 1127 1951 ep.
1150 1908 1218 1941 793
1293 1907 1337 1941 16
1364 1903 1481 1941 Seeck
1506 1907 1576 1940 298

266 1953 537 2048 ἒὲ4ῗᾶλόπολις
568 1954 613 1990 cf.
640 1965 697 2000 ep.
721 1957 825 1989 1430.
857 1952 973 1990 Seeck
1002 1954 1041 1988 et
1066 1952 1246 1998 Schenkl,
1277 1952 1372 1989 Mus.
1398 1951 1516 1988 Rhea.
1543 1950 1624 1987 LXI

338 2102 361 2134 4
387 2095 497 2140 οὗτος
519 2097 561 2133 in
585 2097 646 2133 lec
672 2101 693 2133 8
718 2097 783 2133 litt
807 2108 868 2132 om
893 2097 970 2133 Aa:
1066 2099 1086 2131 6
1111 2095 1179 2142 τὴν
1204 2095 1346 2131 inserui
1378 2105 1399 2130 e
1429 2094 1537 2130 libris
1562 2105 1624 2130 om

263 2144 373 2181 Wolf
442 2150 461 2181 7
487 2144 592 2190 ἡμῶν
611 2144 745 2190 scripsi
762 2155 783 2181 e
808 2144 866 2180 Va
875 2144 1024 2181 MoAth
1047 2144 1150 2188 ὑμῶν
1176 2144 1266 2180 VVo
1284 2141 1401 2179 Wolfc
1421 2143 1428 2188 Ι
1448 2142 1627 2188 ὑμέτερον

268 2192 406 2239 scripsi
430 2204 451 2229 e
478 2193 680 2230 VaVoAth
717 2191 826 2238 ἡμέτε
850 2204 895 2228 ον
921 2191 1030 2228 VMo
1054 2190 1164 2227 Wolf
1220 2194 1243 2227 8
1271 2195 1360 2236 „aut
1399 2201 1450 2238 ey.
1469 2189 1537 2226 σὸν
1560 2194 1629 2226 aut

264 2245 362 2278 totus
394 2241 497 2278 locus
526 2242 582 2277 ita
617 2206 893 2277 comituenssus
924 2235 977 2275 ὧν
1014 2236 1108 2284 παρ’
1129 2237 1234 2284 ἡμῶν
1267 2237 1426 2284 λήψεται
1457 2236 1548 2283 μετὰ
1581 2234 1625 2274 τὸ

266 2287 462 2335 ὑμέτερον,
493 2288 543 2334 μὴ
581 2288 733 2325 ἔλαττον
765 2284 865 2324 εἶναι
888 2286 932 2323 τὸ
957 2285 1136 2332 ὑμέτερον
1179 2286 1242 2323 sed
1265 2286 1363 2322 malo
1380 2285 1514 2340 γνῶθ’*
1534 2284 1591 2321 Re
1616 2284 1623 2333 Ι

265 2336 314 2372 τὰ
337 2337 442 2380 δῶρα
468 2334 577 2382 μείζω
602 2335 680 2372 Ath
705 2335 772 2371 ned
798 2335 902 2380 δῶρα
927 2334 1029 2370 inser
1103 2338 1146 2369 11
1172 2332 1359 2379 θεομίστω
1383 2343 1423 2368 m
1446 2330 1626 2379 θεμιστίω

265 2394 348 2420 corr
379 2383 443 2420 Vi*
529 2387 572 2418 12
598 2381 679 2429 μετ’
707 2393 770 2419 om
795 2383 843 2419 Vi
929 2386 974 2418 14
999 2381 1041 2418 δὲ
1068 2382 1115 2418 Vi
1194 2378 1453 2426 urebat·
1495 2378 1626 2426 γεδε

264 2430 374 2468 Wolf
443 2430 555 2467 163&
584 2432 628 2468 Vi
672 2432 679 2476 Ι
723 2429 1181 2476 erosedyetcorr
1223 2428 1359 2464 omVi
1430 2427 1553 2475 18⁸1]
1607 2439 1627 2468 ς

274 2479 320 2515 Vi
393 2481 436 2514 19
462 2480 593 2514 λυπεῖν
610 2478 687 2515 Ath
708 2479 714 2523 Ι
735 2475 772 2514 δ’
799 2478 929 2514 ViAth
