1806 2964
260 206 350 248 444
850 203 1034 239 LIBANII

261 324 332 358 τοῦ
357 324 479 358 ταῦτα
506 318 717 367 δεικνύειν,
742 312 834 357 οἶδα
861 314 935 369 γὰρ
961 314 1019 355 ὅτι
1045 315 1253 362 δεικνύεις.
1287 316 1324 355 2.
1345 311 1370 366 ἡ
1394 314 1500 367 Τύχη
1521 311 1630 355 δὲτὸ

266 382 338 435 μέν
363 384 403 423 τί
431 398 499 436 μοι
530 382 703 424 δέδωκεν
728 380 901 436 ἀγαθόν,
924 380 999 433 τὴν
1025 380 1102 433 σὴν
1127 380 1280 432 φιλίαν,
1305 379 1478 432 θάτερον
1502 377 1546 420 δὲ
1575 378 1629 420 ού

264 447 424 500 δέδωκε,
449 447 493 488 τὸ
519 449 644 500 συζῆν
664 453 710 503 τῇ
737 447 836 504 φίλῃ
855 449 1021 503 κεφαλῇ.
1053 452 1153 500 χρῆν
1172 443 1214 485 δὲ
1233 444 1308 497 τὴν
1327 443 1428 485 θεὸν
1447 443 1501 497 μὴ
1521 447 1628 496 φθοή

260 519 380 566 νῆσαι
404 520 476 555 τοῦ
502 512 698 567 δευτέρου.

195 585 238 619 W
266 589 358 622 1255
899 575 998 624 υνς’.

226 666 242 690 ⁶
708 650 953 705 Καικιλίῳ.
1005 657 1175 703 (355156)

326 741 364 778 1.
399 736 537 778 Καλόν
562 751 605 790 γε
630 735 783 789 ἐξεῦρες
807 737 861 790 τῷ
895 732 1009 773 παιδὶ
1033 731 1234 785 κηδεμόνα
1259 731 1329 773 τὸν
1353 731 1523 785 χρηστὸν
1549 733 1626 771 Τα-

262 804 401 845 τιανὸν
425 802 560 844 δεινόν
584 816 628 856 γε
650 797 918 848 διδασκάλους
943 813 981 839 τε
1006 797 1201 853 ἐπεγεῖραι
1225 796 1293 837 καὶ
1316 796 1418 838 νέων
1443 795 1628 849 σπουδὴν

265 868 337 922 μὲν
362 867 579 915 ἐπαινέσαι,
605 866 814 923 ρᾳθυμίαν
839 863 887 906 δὲ.
906 863 973 905 καὶ
999 864 1098 905 ἰδεῖν
1122 862 1190 905 καὶ
1214 869 1379 904 παῦσαι.
1414 861 1482 903 καὶ
1507 862 1558 915 δή
1583 873 1627 903 σε

211 951 247 978 ιο
265 936 412 977 κελεύω
437 938 617 988 θαρρεῖν,
644 931 697 982 ὡς
716 930 810 973 οὐδὲ
830 930 974 985 μικρὸν
988 926 1243 983 Ἀλέξανδρος
1262 927 1538 983 παραναλώσει
1556 933 1629 969 τοῦ

265 1001 413 1056 χρόνου
439 1001 583 1042 τούτου
607 1000 807 1047 τείνοντος
830 997 887 1045 εἰς
912 995 1065 1037 ἐκεῖνον
1083 995 1126 1037 τό
1146 1010 1184 1036 τε
1211 993 1317 1048 ὄμμα
1341 993 1408 1035 καὶ
1433 993 1507 1047 τὴν
1524 993 1628 1047 γνώ-

265 1083 358 1121 μην.
397 1069 434 1108 2.
460 1066 656 1118 θαυμάζω
683 1063 726 1105 δὲ
751 1063 810 1104 ὅτι
835 1062 905 1103 τὸν
924 1060 996 1115 μὲν
1021 1059 1258 1114 ἐπιμελητὴν
1282 1058 1454 1113 ἐπορίσω
1471 1063 1526 1116 τῷ
1550 1057 1630 1116 νέῳ

263 1136 466 1188 γενναῖον,
492 1130 616 1173 αὐτὸν
641 1128 683 1171 δὲ
708 1129 778 1170 τὸν
802 1127 896 1169 νέον
919 1127 1020 1181 πρὸς
1043 1131 1127 1175 τοῖς
1152 1129 1291 1179 ληνοῖς
1315 1125 1442 1178 δήσας
1465 1124 1574 1179 ἔχεις.

196 1273 242 1308 W
268 1277 361 1309 1256
900 1257 995 1308 υνζ.

231 1353 247 1380 5
705 1331 978 1387 Ἀμβροσίῳ.
1029 1340 1198 1386 (355156)

330 1425 366 1461 1.
395 1420 535 1461 Πολύν
560 1431 623 1459 σοι
647 1417 792 1471 χρόνον
811 1415 886 1457 οὐκ
910 1414 1127 1462 ἐπιστείλας
1151 1409 1235 1454 εἶτα
1260 1411 1479 1466 ἀπολογίαν
1504 1413 1629 1463 ζητῶν

267 1482 387 1540 εὗρον
413 1486 462 1527 οὐ
487 1483 596 1526 τουτὶ
627 1483 753 1536 μόνον
785 1481 926 1522 ἰκανὸν
951 1484 1066 1521 λῦσαι
1091 1479 1134 1521 τὸ
1167 1479 1354 1532 ἔγκλημα,
1379 1472 1482 1529 ἀλλ’,
1507 1472 1631 1529 οἶμαι,

266 1552 343 1594 κᾶν
368 1554 409 1594 εἴ
427 1553 466 1593 τί
488 1564 531 1592 σε
557 1547 857 1603 δυσχερέστερον
881 1547 1096 1601 ἐτύγχανον
1121 1542 1390 1599 εἰργασμένος,
1414 1541 1629 1596 ἐκράτησεν

267 1618 319 1659 ἂν
344 1617 453 1658 τουτὶ
477 1616 521 1657 τὸ
546 1615 668 1657 καλὸν
694 1614 848 1655 ἐκείνου
867 1619 938 1653 τοῦ
957 1615 1140 1666 χαλεποῦ.
1181 1613 1218 1651 2.
1243 1609 1454 1664 γράμματα
1477 1606 1552 1662 γὰρ
1578 1606 1630 1658 δή

216 1701 250 1727 20
269 1696 333 1725 σοι
364 1683 571 1735 πέμπομεν
597 1682 665 1722 διὰ
689 1686 760 1721 τοῦ
784 1679 993 1731 κρατίστου
1018 1676 1091 1730 μὲν
1115 1675 1307 1730 ρητόρων,
1338 1673 1561 1730 πρᾳοτάτου
1587 1670 1630 1713 δὲ

342 1791 363 1823 5
398 1788 447 1824 V!
470 1786 516 1832 y',
542 1785 638 1830 ρμς’.
673 1785 726 1821 Va
753 1783 795 1827 ε’,
819 1781 908 1829 [oy']
985 1785 1029 1816 14
1063 1781 1111 1817 VJ
1133 1778 1180 1826 γ’.
1206 1778 1296 1824 ρμξ.
1329 1778 1386 1814 Va
1410 1776 1452 1822 ε’,
1477 1774 1536 1812 σθ’

341 1888 362 1916 3
389 1883 434 1918 cf.
456 1894 514 1928 ep.
535 1884 605 1916 303
681 1883 702 1914 6
729 1877 846 1914 Seeck
872 1880 929 1913 97.
957 1880 1027 1911 824
1117 1880 1134 1911 7
1162 1872 1378 1910 Alexandro
1399 1873 1406 1917 1
1428 1870 1547 1907 Seeck
1562 1873 1632 1906 285

319 1935 363 1967 15
390 1930 535 1966 Sievers
562 1931 644 1973 233,
665 1931 697 1963 3.
724 1926 841 1962 Seeck
866 1929 923 1961 57.
951 1928 1020 1959 324

343 2031 364 2062 2
390 2026 436 2062 οὐ
462 2023 604 2063 δέδωκε
630 2021 763 2068 scripsi
788 2033 808 2057 e
835 2021 870 2057 V
907 2020 978 2057 οὐκ
1004 2019 1142 2055 ἔδωκεν
1163 2018 1219 2054 Va
1261 2016 1331 2053 οὐκ
1357 2014 1472 2052 ἔδωκε
1498 2013 1632 2050 SViD

269 2073 376 2110 Wolf
437 2077 458 2109 3
482 2073 551 2118 τὴν
575 2070 688 2118 θεὸν]
713 2069 854 2115 ταύτην
873 2068 901 2104 S
920 2071 926 2111 Ι
947 2067 1014 2103 τὸν
1034 2067 1074 2103 D
1152 2069 1172 2101 7
1192 2070 1252 2111 τῆι
1271 2064 1329 2110 V!
1349 2062 1417 2099 τὸν
1440 2075 1463 2109 χ
1487 2060 1550 2097 del
1576 2061 1632 2097 Va

318 2126 341 2158 8
360 2123 543 2167 punctum
563 2121 651 2166 pont,
667 2117 848 2154 τατιανόν
865 2115 953 2151 libri
974 2113 1082 2150 Wolf
1115 2112 1237 2149 delevi
1258 2114 1265 2158 Ι
1286 2109 1416 2148 δεινόν
1439 2122 1480 2156 γε
1500 2108 1572 2145 ucri
1601 2108 1635 2144 ui

270 2171 422 2206 auctore
448 2169 503 2204 Re
546 2164 673 2204 δεινὸν
699 2165 741 2203 δὲ
766 2163 855 2200 libri
873 2162 982 2200 Wolf
999 2164 1005 2208 Ι
1026 2163 1092 2198 καὶ
1117 2161 1212 2198 νέων
1231 2171 1281 2196 σπ
1312 2158 1375 2195 del
1401 2159 1458 2195 Va
1524 2159 1545 2192 9
1588 2169 1632 2192 α-

269 2217 416 2263 θυμίαν
435 2216 523 2252 libri
542 2214 650 2251 Wolf
722 2217 766 2249 10
791 2211 879 2249 οὐδὲ
911 2210 1021 2257 μικρὸ
1053 2211 1093 2246 et
1118 2213 1162 2246 11
1193 2207 1383 2248 τείνοντος
1407 2206 1463 2246 εἰς
1487 2204 1634 2241 ἐκεῖνον

470 2277 485 2297 5
640 2264 663 2282 ²²
721 2272 729 2284 ¹
1239 2267 1248 2275 ⁰
1361 2268 1385 2286 ⁰.-
1546 2263 1562 2284 6

271 2277 470 2371 ῗὲρῗξιῖἒῖ
500 2279 750 2369 ,ωὶῖῑῗῗῗ
774 2273 818 2356 ἷι
839 2267 1637 2365 2231?ssssss21232²13ffv321f⁰ssffm¹222y

271 2373 338 2409 sed
362 2387 386 2419 η
412 2373 452 2408 in
477 2383 551 2416 ras,
576 2382 622 2406 ex
648 2383 680 2406 u
710 2370 755 2404 ut
778 2367 928 2403 videtur
946 2376 1029 2402 corr
1046 2365 1104 2401 111⁶
1178 2366 1223 2399 1⁷
1249 2362 1296 2399 οὐ
1318 2359 1362 2398 τὸ
1380 2359 1417 2396 τί
1443 2359 1479 2396 V
1498 2359 1566 2395 aed
1591 2370 1632 2393 m

271 2422 317 2457 οὐ
342 2426 454 2457 τοῦτο
480 2430 563 2456 corr
587 2418 643 2454 ιιι*
668 2418 707 2453 et
732 2417 777 2453 οὐ
802 2416 906 2451 τουτὶ
929 2413 969 2450 in
994 2423 1104 2459 marg
1126 2411 1184 2447 m'
1232 2413 1279 2446 20
1302 2407 1519 2454 πραοτάτου
1545 2405 1634 2442 libri

274 2469 314 2505 W
321 2468 378 2504 olf

1787 2395 1803 2595 -··*··2:vn-⁴«·<.»·‹-.r
1796 2239 1806 2374 *·»*>-,·-<
1794 2176 1806 2212 ²³,
1803 2146 1806 2147 Ἴ
