1806 2964
288 243 377 286 654
871 243 1054 279 LIBANH

287 353 520 404 ε’ντεύξεται,
551 354 624 406 τὴν
655 351 690 394 δ’
723 353 952 406 ἀποδημίαν
983 354 1088 410 αὐτῷ
1115 355 1305 407 πεποίηκε
1337 356 1432 405 δόξα
1463 372 1521 404 τις
1551 362 1644 409 περὶ

288 421 448 474 Σύρων,
474 420 522 461 οὐ
548 427 741 472 σοφιστοῦ
766 421 947 472 δύναμις.
973 421 1088 461 δοκεῖ
1099 420 1174 474 γάρ
1194 435 1278 468 πως
1298 418 1322 472 ἡ
1341 421 1441 475 πρὸς
1459 421 1502 461 τὸ
1521 420 1646 470 ἔθνος

290 484 422 538 ὁμιλία
454 486 656 527 δύνασθαι
688 485 822 539 ψυχὰς
852 485 1005 527 ἀκονᾶν
1034 485 1101 526 καὶ
1125 490 1255 526 ποιεῖν
1279 485 1526 538 ἐπιτηδείους
1547 492 1643 540 χρῆ-

289 555 388 591 σθαι
419 551 654 605 πράγμασιν.
701 554 738 591 2.
766 549 818 603 ἢν
850 546 924 591 οὖν
950 550 1132 604 ὀξύτερος
1157 549 1178 591 ὁ
1206 550 1293 599 νέος
1316 550 1539 607 ἐπανέλθῃ,
1569 551 1645 604 τὴν

253 631 270 659 5
290 616 406 657 πόλιν
436 616 667 656 αἰτιάσασθε
700 619 846 668 μᾶλλον
879 615 905 669 ἢ
938 616 1006 657 τὸν
1038 611 1095 657 ὧν
1126 615 1321 657 ἀπέλαυεν
1353 617 1456 657 οἴκοι
1492 617 1648 658 τούτων

291 681 334 722 ἕν
360 681 452 738 ξένῃ
479 681 706 733 μεταδόντα.

224 772 269 807 W
294 777 362 808 642
509 766 514 770 '
932 763 1012 816 ψλ’.

774 845 1016 904 Ἀλβανίῳ.
1042 858 1149 901 (362)

355 934 390 971 1.
415 931 501 972 Οὔκ
521 931 675 982 ἕλύπεις
695 947 741 985 με
760 933 860 985 πρός
879 948 925 985 με
945 938 1083 987 σιγῶν·
1110 931 1152 972 ἐκ
1165 931 1240 986 γὰρ
1254 927 1310 972 ὧν
1323 931 1367 973 ἐν
1378 931 1511 980 ἄλλοις
1523 931 1650 986 λέγων

239 1013 274 1038 10
293 996 515 1049 εὐδοκίμεις
534 996 755 1050 εὔφραινες.
787 996 942 1052 ἄγγελοι
961 996 1004 1038 δὲ
1023 997 1166 1038 τούτου
1185 997 1323 1038 πολλοὶ
1343 997 1428 1050 μέν,
1453 996 1586 1046 οὐδεὶς
1605 996 1648 1038 δὲ

294 1059 378 1111 οἷος
397 1061 419 1103 ὁ
437 1062 526 1116 περὶ
545 1062 617 1115 μὲν
635 1068 745 1117 χεῖρα
762 1062 959 1117 ἀτυχήσας
978 1063 1140 1115 πολίτης
1157 1061 1356 1118 ἡμέτερος,
1375 1053 1451 1115 τὴν
1462 1059 1500 1104 δ’
1514 1062 1648 1115 ὑμετέ-

294 1143 368 1181 ραν
387 1127 436 1168 οὐ
456 1129 570 1182 χείρω
590 1135 660 1181 τῆς
683 1129 830 1176 οἰκείας
849 1128 989 1182 εὑρών.
1014 1124 1079 1169 οἷα
1098 1127 1172 1182 γὰρ
1191 1127 1235 1169 ἐν
1248 1133 1378 1184 μακρᾷ
1391 1127 1570 1184 καθέδρα
1582 1127 1651 1168 καὶ

294 1192 452 1246 προσέτι
483 1195 613 1242 δεινὸς
646 1192 704 1234 ὢν
727 1193 903 1243 ἐξετάσαι
926 1192 1232 1246 πολιτευομένου
1257 1194 1430 1246 δύναμιν
1454 1192 1509 1242 ὥς
1531 1192 1584 1234 ἂν
1607 1193 1653 1235 έν

294 1263 376 1308 τοῖς
413 1258 549 1307 αὐτοῖς
587 1261 664 1308 ζῶν
699 1260 829 1299 πάντα
864 1257 936 1311 μὲν
971 1258 1168 1311 συνέλεξε,
1205 1259 1334 1300 πάντα
1367 1258 1411 1300 δὲ
1443 1258 1651 1312 ἐμήνυσεν.

242 1338 276 1366 15
298 1328 335 1365 2.
361 1322 481 1365 οὐδὲν
507 1323 550 1365 δὲ
575 1320 627 1377 ἦν
658 1321 723 1376 ἐφ’
753 1316 784 1380 ᾧ
816 1324 870 1377 μὴ
902 1325 1010 1364 πάνυ
1040 1325 1190 1378 χαίρειν
1220 1330 1370 1379 παρῆν·
1401 1324 1476 1377 τήν
1506 1339 1545 1364 τε
1575 1324 1653 1378 γὰρ

296 1389 439 1430 οὐσίαν
470 1389 567 1442 ὑμῖν
598 1390 771 1442 ἔφασκεν
801 1388 1102 1442 ἐπιδεδωκέναι,
1121 1380 1203 1430 καὶ
1233 1389 1276 1430 τὸ
1308 1389 1363 1430 ἔτι
1393 1389 1574 1441 κάλλιον,
1609 1388 1653 1430 ἐκ

297 1455 464 1496 δικαίων
490 1454 700 1510 ἀφορμῶν,
724 1462 804 1495 τῶν
827 1470 867 1496 τε
892 1454 935 1495 ἐκ
958 1461 1030 1495 τοῦ
1054 1453 1181 1509 λέγειν
1204 1454 1526 1508 εὐδοκιμούντων
1550 1449 1655 1495 εἶναι

296 1520 363 1561 καὶ
395 1519 436 1561 σὲ
467 1520 534 1561 καὶ
567 1521 635 1562 τὸν
663 1519 840 1572 ἀδελφὸν
864 1519 1022 1574 βλέπειν
1048 1535 1087 1561 τε
1113 1521 1168 1569 εἰς
1193 1520 1296 1573 ὑμᾶς
1319 1520 1393 1573 τὴν
1417 1520 1534 1560 πόλιν
1559 1517 1654 1572 μετὰ

299 1586 369 1627 τὸν
401 1585 590 1641 ὑμέτερον
621 1590 737 1627 θεῖον
767 1586 811 1627 ἕν
835 1601 873 1626 τε
899 1590 984 1634 ταῖς
1009 1585 1162 1627 ἐλπίσιν
1185 1581 1291 1626 εἶναί
1311 1601 1348 1626 τι
1373 1580 1654 1640 λαμπρότερον.

245 1668 281 1694 so
302 1654 339 1691 3.
366 1650 462 1691 ἀλλὰ
496 1651 563 1692 καὶ
597 1650 651 1701 ὥς
686 1650 792 1708 ᾤχου
826 1652 942 1704 δίκης
975 1651 1174 1703 καλούσης
1207 1651 1264 1700 εἷς
1299 1647 1466 1708 Θρᾴκην
1498 1649 1566 1691 καὶ
1600 1649 1656 1699 ὡς

373 1758 390 1789 7
420 1755 487 1791 Vn
508 1754 555 1802 β’,
581 1754 674 1800 ρκη’.
708 1755 764 1791 7α
788 1753 831 1800 ζ,
857 1753 941 1799 ρις’.
976 1755 1027 1791 7ο
1046 1753 1118 1801 (ζ’),
1143 1753 1227 1799 ρις’.
1255 1754 1334 1790 Mo.
1360 1753 1391 1790 S
1411 1752 1458 1801 γ’,
1482 1752 1528 1789 κ’.
1553 1754 1630 1790 Am

372 1867 394 1897 4
419 1862 464 1897 cf.
485 1862 534 1897 ad
553 1873 612 1907 ep.
632 1864 702 1897 285
720 1873 758 1907 p.
779 1864 861 1905 270,
877 1865 922 1897 10
991 1864 1012 1896 8
1039 1860 1183 1897 Sievers
1209 1863 1290 1906 289,
1304 1864 1338 1896 2.
1365 1859 1483 1897 Seeck
1507 1864 1564 1896 50.
1583 1863 1656 1896 892

352 1913 393 1944 11
422 1908 638 1944 obedimus
664 1909 710 1944 ef.
730 1920 787 1954 ep.
809 1912 888 1944 698.
916 1908 1034 1945 Seack
1062 1912 1132 1943 222

377 2023 393 2051 1
421 2015 477 2056 τίς
503 2015 594 2052 770
666 2018 688 2050 5
715 2015 938 2052 αἰτιάσασθε
970 2014 1104 2061 scripsi
1129 2026 1150 2050 ο
1177 2015 1212 2051 7
1231 2015 1298 2050 sed
1323 2026 1339 2050 ε
1364 2013 1404 2050 in
1428 2024 1490 2050 ru
1535 2014 1658 2050 alud-

303 2075 406 2099 σεται
432 2064 487 2099 7α
497 2063 626 2100 VoMo
652 2063 780 2109 Wolf}
802 2060 854 2099 ὧν
887 2063 976 2099 VVo
996 2063 1062 2098 sed
1087 2073 1131 2098 ex
1157 2060 1202 2098 ὃν
1227 2072 1309 2098 cort
1334 2061 1499 2107 757081
1520 2059 1658 2098 ἀπέλα-

304 2112 368 2158 βεν
394 2111 486 2148 770
511 2110 578 2146 ned
602 2110 643 2145 in
667 2109 786 2157 Ιιοοβ
811 2111 850 2145 in
875 2123 899 2146 υ
931 2122 1013 2147 corr
1041 2109 1109 2154 ιη’,
1137 2110 1205 2146 Mo
1261 2112 1268 2155 Ι
1321 2109 1463 2145 τούτων
1489 2109 1525 2145 V
1544 2109 1610 2145 aad
1636 2119 1660 2144 e

302 2164 436 2195 τοῦτον
461 2169 544 2194 corr
566 2158 624 2193 m⁶
697 2161 718 2193 9
744 2158 784 2195 ἐν
810 2137 1143 2240 ἄλλοιςίῖάλλήλδις
1167 2158 1244 2194 Am
1287 2159 1294 2203 Ι
1337 2156 1454 2203 λέγων
1478 2156 1612 2202 scripti
1637 2168 1659 2192 ο

312 2206 364 2242 70
375 2205 560 2243 MoSAth
603 2204 723 2252 λόγων
750 2206 842 2242 VVa
866 2205 939 2241 Wo
1055 2208 1100 2240 10
1131 2202 1340 2259 εὐδοκίμεις
1364 2203 1497 2250 scripsi
1522 2214 1544 2239 ο
1569 2204 1664 2241 Vas

304 2254 381 2290 Ath
406 2253 615 2299 εὐδοκιμεῖς
639 2253 808 2289 77οΜο
843 2252 947 2289 Wolf
972 2252 1214 2308 [εὔφραινες
1244 2251 1378 2298 scripsi
1409 2262 1454 2287 ex
1478 2251 1557 2288 Aa·
1597 2251 1658 2288 2⁴5-

305 2314 357 2347 φρ
335 2312 449 2346 ρανες
474 2300 629 2337 VVaVo
654 2300 720 2336 sod
743 2300 781 2336 in
818 2300 890 2336 hoc
919 2314 945 2335 α
975 2300 1016 2336 in
1046 2313 1087 2335 αι
1117 2310 1200 2335 corr
1228 2299 1296 2345 ιη’,
1329 2299 1434 2336 MoS
1460 2298 1575 2343 Wolf

307 2352 350 2384 11
377 2347 445 2394 μὲν
470 2358 531 2383 om
549 2348 661 2385 SAth
681 2350 687 2394 Ι
708 2347 882 2393 ὑμέτερος
907 2348 960 2384 7ο
981 2348 987 2394 Ι
1009 2347 1051 2384 δὲ
1069 2346 1178 2383 Wolf
1227 2350 1272 2382 12
1286 2328 1351 2383 οῖσ
1369 2347 1446 2430 A?
1501 2350 1546 2382 14
1571 2345 1659 2391 ἐμή-

1326 2405 1406 2441 γρσ
1441 2405 1480 2429 τε

306 2454 394 2479 vves
419 2442 477 2478 Va
519 2441 538 2478 έ
537 2442 705 2488 μήνυσας
728 2443 807 2479 Ath
904 2446 946 2478 17
973 2455 1014 2488 γε
1042 2441 1149 2479 Mos
1243 2445 1287 2478 18
1336 2454 1402 2477 και
1427 2439 1468 2477 σέ
1515 2442 1544 2478 ὁ·

309 2494 352 2525 19
377 2456 562 2536 ἡμέτερον
582 2491 657 2526 Ath
677 2491 684 2536 Ι
705 2489 741 2526 τί
765 2491 857 2527 VVo
930 2456 995 2526 20⁷
1000 2490 1152 2535 θράκην
1177 2489 1254 2526 A&
