1806 2964
273 216 362 261 346
856 218 1040 255 LIBANII

273 327 424 384 ἡγεῖται
464 330 709 379 Μουσώνιος
741 331 922 384 πράττων
959 330 1095 379 αὐτοῖς
1130 330 1350 384 ἀσφάλειαν
1386 333 1443 382 εἰς
1478 333 1633 373 ἅπαντα

274 394 344 435 τὸν
367 394 524 448 χρόνον.
555 394 652 436 ἀλλὰ
677 401 755 436 νῦν
778 397 1012 450 κηρύγματα
1035 402 1248 453 περιφοιτᾷ
1272 402 1414 451 χωρεῖν
1438 396 1493 447 ὥς
1517 397 1634 455 ὑμᾶς,

275 457 337 508 οἷς
373 455 490 509 οὗτος
524 459 545 502 6
571 461 669 514 βίος.
722 464 759 502 7.
791 465 874 510 τοῖς
899 460 942 502 δὲ
967 461 1208 515 Μαρκέλλου
1244 462 1384 503 παισὶν
1419 462 1491 517 οὐχ
1527 463 1635 511 ὅπως

274 532 390 567 τοῦτο
415 526 574 582 ῥᾷστον,
599 522 683 566 ἀλλ’
706 523 795 568 οὐδ’
817 526 1043 580 ὑπερβῆναι
1066 527 1135 575 τὰς
1152 529 1291 576 πύλας.
1324 529 1558 581 δεδοίκαμεν
1581 527 1634 580 δὴ

237 605 257 632 5
277 591 332 645 μὴ
356 598 473 633 τοῦτο
499 591 646 641 αὐτοὺς
671 591 840 650 ἐκβάλλῃ
865 599 936 633 τοῦ
962 592 1158 646 σχήματος
1182 592 1249 634 καὶ
1274 600 1348 634 σοῦ
1369 593 1543 647 δεόμεθα
1565 608 1635 646 τη·-

276 661 360 712 ρεῖν
391 657 539 706 αὐτοὺς
568 656 744 706 ἀπόντας
773 657 817 699 έν
850 661 903 713 τῷ
930 658 1106 711 σχήματι.
1148 657 1294 712 λέγεται
1325 658 1368 700 δὲ
1399 659 1635 716 Μουσωνίῳ

276 723 320 764 τὸ
346 722 418 764 σὸν
444 729 569 775 νεῦμα
593 723 717 776 νόμος
742 720 857 775 εἶναι,
881 722 950 763 καὶ
973 723 1140 772 παλαιός
1164 739 1206 777 γε
1233 722 1254 764 6
1274 724 1398 777 νόμος
1415 724 1485 766 τὸν
1510 724 1635 779 ὕπαρ-

276 803 348 841 χον
385 792 467 837 τοῖς
491 788 663 842 ,ἔχουσιν
699 787 721 829 ὃ
761 796 837 830 νῦν
872 788 1024 838 ἐκεῖνος
1058 789 1218 843 ὁριστὴν
1252 786 1355 831 εἶναι
1387 796 1467 830 τῶν
1500 789 1638 844 ἔργων.

279 856 317 894 8.
344 855 565 907 βεβαίωσον
590 855 640 907 δὴ
667 855 789 904 δόξαν
814 855 918 896 οὕτω
942 855 1069 908 καλὴν
1093 855 1137 896 ἐν
1168 852 1228 904 οἷς
1261 854 1546 910 ἕπαγγέλλομεν
1570 854 1638 896 καὶ

224 937 260 965 ιο
278 919 333 972 μὴ
359 921 577 977 θαυμάσῃς
600 921 636 961 εἰ
659 921 910 975 Στρατηγίου
933 921 1158 975 γράμμασιν
1181 920 1256 974 ἐμὰ
1277 921 1513 973 Μάρκελλος
1536 934 1637 974 παρ-

278 984 414 1034 έζευξε·
448 986 564 1038 φήμη
588 985 663 1040 γὰρ
689 985 754 1039 ἐμὲ
779 985 886 1039 παρὰ
910 985 974 1027 σοὶ
997 989 1179 1027 πλεῖστον
1204 986 1364 1039 ἰσχύειν.

206 1110 255 1146 W
281 1115 350 1148 366
916 1103 1007 1160 τξγ’.

714 1180 780 1232 Τῷ
801 1177 930 1234 αύτῷ.
958 1181 1066 1224 (358)

343 1263 379 1300 1.
406 1259 553 1316 Δόμνῳ
579 1261 702 1318 τούτῳ
721 1261 850 1315 πατήρ
869 1276 908 1302 τε
928 1257 980 1315 ἦν
999 1260 1153 1315 ἀγαθὸς
1171 1259 1239 1301 καὶ
1256 1259 1448 1313 κηδεστὴς
1466 1261 1639 1314 βελτίων·

228 1340 261 1366 1⁵
281 1330 402 1379 γαμεῖ
425 1325 500 1380 γὰρ
531 1326 733 1381 θυγατέρα
764 1325 940 1378 Κέλσου,
966 1322 1020 1367 δι’
1048 1324 1096 1366 ὃν
1128 1325 1204 1367 οὐκ
1233 1324 1393 1380 ἄμοιροι
1418 1326 1546 1380 Σύροι
1570 1331 1642 1379 τῆς

276 1387 435 1431 Ἰταλῶν
460 1398 612 1445 φωνῆς.
644 1391 741 1432 ἀλλὰ
772 1391 839 1432 καὶ
870 1392 989 1440 αὐτὸς
1020 1390 1041 1432 6
1068 1392 1224 1446 Δόμνος
1254 1398 1450 1445 τοιοῦτος,
1484 1387 1582 1442 οἷος,
1606 1391 1644 1432 εἰ

280 1456 348 1497 καὶ
380 1457 594 1513 μηδέτερον
626 1453 682 1499 ὧν
713 1458 819 1511 ἔφην
850 1454 970 1511 εἶχεν,
1001 1456 1079 1499 ἀπὸ
1110 1464 1189 1498 τῶν
1219 1457 1376 1512 τρόπων
1407 1457 1566 1506 εἰκότως
1589 1456 1642 1498 ἂν

281 1527 484 1575 τιμᾶσθαι.
518 1527 556 1564 2.
583 1524 661 1574 ζῶν
685 1523 759 1578 γὰρ
785 1523 828 1565 ἐν
860 1523 1097 1575 στρατιώτου
1122 1523 1288 1577 σχήματι
1313 1524 1458 1564 καλλίω
1477 1523 1642 1577 γνώμην

281 1587 486 1643 παρέχεται
510 1595 581 1630 τοῦ
613 1590 704 1641 βίου
735 1590 915 1644 θράσους
949 1588 1268 1643 ἀπηλλαγμένος,
1300 1584 1548 1643 πανουργεῖν
1567 1588 1642 1630 οὐκ

228 1669 265 1695 80
283 1655 417 1704 εἰδώς,
442 1654 582 1707 κέρδος
612 1653 753 1695 ἄδικον
786 1655 941 1708 βλάβην
973 1653 1215 1709 ἡγούμενος,
1246 1655 1359 1709 χάριν
1391 1653 1546 1707 ἕτοιμος
1570 1652 1642 1707 μὲν

284 1806 324 1841 D
349 1764 402 1849 ἐξ
435 1760 483 1794 γι
505 1759 550 1803 γ’,
577 1757 643 1803 νγ’.
686 1759 739 1794 Va
764 1757 812 1803 δ’,
837 1757 907 1794 vd‘.
948 1758 998 1794 Vo
1018 1757 1063 1801 δ’,
1090 1757 1147 1793 116⁹
1152 1786 1160 1794 .
1195 1758 1224 1794 S
1246 1757 1293 1804 β’,
1325 1757 1402 1793 νθ’.
1442 1758 1486 1793 Vi
1518 1756 1641 1804 [020‘J.

370 1819 391 1851 Υ

359 1915 376 1942 1
405 1909 524 1943 Seeck
548 1911 618 1943 2¹18
672 1911 715 1943 10
741 1907 856 1943 Seeck
882 1910 951 1943 282
1010 1910 1053 1942 18
1081 1906 1199 1942 Seeck
1220 1909 1275 1942 65.
1298 1909 1377 1942 345.
1406 1905 1572 1941 Silomon
1599 1908 1642 1939 16

335 1959 378 1990 14
393 1954 510 1991 Seeck
532 1958 600 1990 106
665 1958 711 1991 20
735 1954 831 1991 Pla-t.
851 1966 928 2001 rep.
949 1954 983 1990 11
1001 1966 1037 2000 p.
1052 1955 1166 1990 366Α

359 2055 379 2086 2
405 2052 613 2096 κηρύγματι
639 2051 679 2087 D
708 2050 714 2098 Ι
749 2050 801 2092 εἰς
826 2050 926 2086 Vina
1004 2046 1093 2086 Βῶν
1118 2049 1217 2086 Vina
1241 2048 1349 2085 Wolf
1364 2048 1458 2084 Ceut
1496 2047 1502 2094 Ι
1537 2046 1556 2083 6
1582 2058 1643 2083 om

286 2097 375 2134 libri
395 2098 503 2134 Wolf
518 2097 613 2134 Ceut
629 2098 730 2134 inser
748 2097 856 2134 Wolf
865 2098 912 2134 ed
934 2098 939 2145 Ι
961 2096 1146 2144 μαρκέλου
1165 2098 1205 2134 D
1225 2098 1236 2158 Ι
1254 2095 1425 2133 παιδίοισ
1442 2096 1478 2132 V
1499 2095 1564 2132 sed
1584 2096 1643 2130 σὶν

287 2156 402 2192 supra
427 2144 524 2187 διὀις
547 2146 604 2181 m³
664 2150 686 2182 4
712 2145 867 2182 δέδοικα
892 2146 960 2191 μὲν
985 2146 1026 2182 D
1087 2150 1107 2180 5
1131 2150 1220 2180 τοῦτ
1258 2144 1397 2181 SVind
1421 2142 1529 2179 Wolf
1552 2143 1556 2190 Ι
1585 2143 1644 2178 ἐκ·

287 2194 380 2241 βάλῃ
408 2194 656 2230 VaSVindD
681 2193 788 2229 wolf
808 2193 902 2230 Ceut
938 2192 1105 2241 ἐκβάλλει
1131 2193 1179 2228 Va·
1251 2195 1270 2227 Ἰ
1298 2191 1318 2227 6
1345 2203 1406 2227 om
1425 2191 1464 2227 D
1531 2194 1552 2226 8
1579 2189 1644 2234 ἄρ-

288 2251 417 2287 χουσιν
445 2242 490 2277 Vi
512 2243 516 2286 Ι
540 2241 582 2278 ὃν
610 2242 657 2277 Vi
728 2245 749 2277 9
776 2239 977 2289 βεβαίωσιν
1004 2241 1050 2277 Vi
1070 2242 1076 2287 Ι
1098 2239 1162 2288 δὴ]
1188 2237 1257 2276 οὖν
1283 2240 1318 2275 V
1351 2240 1411 2275 δεῖ
1435 2239 1482 2275 Vi
1502 2239 1508 2284 Ι
1531 2237 1643 2283 ἐπαγ-

289 2289 461 2335 γέλλομεν
489 2290 523 2324 V
543 2289 609 2325 sed
634 2302 702 2335 μεν
728 2300 748 2325 e
774 2302 840 2334 μαι
866 2300 948 2324 corr
972 2288 1029 2324 m⁴
1103 2292 1148 2323 10
1173 2286 1356 2333 μάρκελος
1380 2287 1421 2323 D
1441 2287 1448 2333 Ι
1469 2285 1644 2330 παρέζευ-

288 2336 350 2379 ξεν
378 2337 413 2373 V
482 2340 524 2373 13
555 2343 605 2372 τῶ
643 2337 743 2372 αὐτῶ
775 2336 813 2381 (i.
835 2347 866 2372 Θ.
882 2335 1051 2384 Ἀκακίῳ)
1078 2336 1125 2372 Vi
1161 2333 1344 2372 ἀνατολίω
1371 2335 1411 2370 D
1485 2337 1530 2368 16
1557 2331 1577 2369 6
1597 2353 1643 2359 —

290 2388 334 2419 18
359 2386 542 2430 τιμᾶσθαι
568 2384 658 2420 citat
676 2385 829 2430 excerpt
846 2384 954 2430 Neap
1016 2387 1061 2419 16
1081 2381 1230 2428 Δόμαιος
1264 2382 1306 2418 δὲ
1327 2381 1433 2427 Neap
1494 2384 1537 2416 1‘1
1557 2376 1643 2427 μηδ’

288 2431 416 2476 ἕτερον
443 2433 498 2468 Va
532 2434 571 2469 ot
595 2442 615 2467 e
650 2431 853 2478 μηδέτερον
885 2443 967 2467 con·
986 2431 1051 2468 Vi*
1071 2433 1077 2476 Ι
1098 2431 1374 2477 ἀντιμαχεσθαι
1399 2429 1553 2465 VVaVo
1579 2426 1645 2463 sed

289 2479 329 2515 in
353 2478 402 2516 ἂν
426 2482 611 2526 τιμᾶσθαι
636 2490 718 2516 eon·
743 2479 876 2516 V⁶Vo⁴
912 2478 1178 2525 θαυμάζεσθαι
1204 2478 1311 2523 Neap
