1806 2964
290 215 346 257 88
878 213 1060 249 LIBANII

289 333 361 379 τῆς
386 324 507 378 ἄλλης
531 317 670 378 αἴγλης
690 324 756 365 καὶ
776 331 855 364 τῶν
880 325 1080 377 ποιμνίων
1105 324 1131 364 ἅ
1155 340 1249 366 ποτε
1268 325 1429 379 ἔτρεφεν
1453 324 1651 380 ἐστέρηται

289 390 357 432 καὶ
382 391 486 432 ἔστιν
516 388 613 442 ἡμῖν
645 389 810 444 ἀφορμὴ
842 390 1050 443 δακρύων,
1075 387 1190 432 ὁπότε
1222 391 1432 445 παρίοιμεν
1456 413 1503 420 —-
1527 389 1652 431 εἰπὼν

291 451 366 498 οὖν
390 455 552 506 ἐκεῖνος,
579 454 632 504 ὥς
658 455 755 508 ἥξει,
780 457 850 497 καί
866 471 955 495 τινα
972 456 1207 510 προθυμίαν
1232 455 1503 509 ἐνδειξάμενος
1521 456 1651 510 ὥσπερ

553 520 564 536 t
604 516 614 533 ἱ
654 520 664 535 5
705 520 714 534 Ι

255 604 270 629 ι
291 587 415 628 αὐτὸν
450 585 599 627 ἄκοντα
638 585 931 640 ἀπενηνέχθαι,
965 585 987 627 ὁ
1022 582 1059 627 δ’
1094 584 1171 640 ἄρα
1206 586 1385 628 ἐνταῦθα
1424 585 1482 628 ὢν
1515 586 1652 628 ἀπεδί-

292 653 446 706 δρασκε.
481 652 524 693 τὸ
549 651 624 705 γὰρ
649 651 704 701 ὡς
729 652 908 693 ἐνταῦθά
933 651 1038 693 ἔστιν
1068 651 1222 705 ἤκουσα
1253 652 1360 707 παρὰ
1389 659 1459 694 τοῦ
1489 652 1536 693 τὰ
1561 653 1651 694 δεύ-

291 733 382 772 τερα
407 718 558 765 δόντος.
583 716 650 758 καὶ
676 718 770 766 ἴσως
803 717 1030 772 συνεγένετο
1063 718 1262 774 συμμορίᾳ
1292 718 1493 771 κολάκων,
1523 713 1584 766 οἷς
1608 717 1653 759 τὸ

293 784 346 837 μή
373 779 467 836 παρ’
494 782 592 836 ἐμοῦ
617 784 826 837 γράμματα
851 784 987 836 λαβεῖν
1010 782 1243 836 κεχάρισται.
1274 782 1311 823 εἰ
1334 780 1375 822 δὲ
1400 781 1566 832 ἐκείνοις
1588 782 1652 823 ἐν-

291 850 491 903 τετυχήκει
521 848 713 903 πρότερον
743 847 770 903 ἢ
801 849 908 902 ε’μοί,
939 849 1098 897 πάντως
1129 846 1180 888 ἂν
1211 846 1347 896 αὐτοῖς
1371 847 1561 901 ἐχαρίζετο
1586 847 1654 889 καὶ

242 933 274 957 ιο
292 915 337 956 τὸ
362 915 415 967 μὴ
441 914 488 955 τὰ
520 914 570 955 σὰ
605 915 759 955 δοῦναι.
804 918 843 956 4.
885 914 1096 966 ἐθαύμασα
1129 912 1191 966 δέ,
1222 913 1329 962 ὅπως
1359 909 1449 955 οὐδ’
1483 909 1545 963 οἷς
1578 920 1655 955 νῦν

293 981 472 1035 ἔγραψας
496 980 666 1031 ἔδειξας,
691 979 745 1029 ὥς
770 980 954 1034 κομίσαιό
987 995 1065 1032 μου
1098 979 1172 1031 τὴν
1203 979 1422 1032 ἐπιστολήν.
1461 979 1528 1020 καὶ
1551 995 1654 1021 παν-

295 1052 389 1099 ταχῆ
415 1044 458 1085 τὸ
483 1052 643 1099 πρᾶγμα
670 1044 850 1099 στρέφων
874 1045 949 1086 οὐκ
973 1045 1046 1098 ἔχω
1077 1045 1151 1097 τὴν
1176 1045 1306 1085 αἰτίαν
1337 1044 1476 1098 εὑρεῖν.
1514 1045 1557 1087 τὸ
1583 1044 1656 1098 μὲν

294 1110 368 1165 γὰρ
394 1110 527 1150 ἐλθεῖν
550 1108 603 1159 ὡς
623 1109 726 1162 ὑμᾶς
746 1111 964 1163 Εὐμάθιον
983 1111 1173 1163 δηλοῦται
1192 1115 1274 1159 τοῖς
1292 1106 1387 1164 παρ’
1406 1103 1656 1165 Ἰφικράτους

296 1171 403 1229 δεῦρ’
438 1175 602 1216 ἐλθοῦσι
642 1176 887 1229 γράμμασιν,
921 1177 1070 1230 ἥκοντα
1115 1175 1157 1217 δὲ
1187 1173 1282 1231 παρ’
1316 1175 1420 1228 ὑμᾶς
1457 1172 1566 1230 οἶμαι
1600 1175 1655 1228 μὴ

245 1260 276 1284 15
298 1243 440 1283 δοῦναι
465 1241 583 1295 λόγον
609 1241 682 1282 οὐκ
707 1242 822 1295 ἔχειν,
850 1241 950 1296 ὑπὲρ
975 1237 1024 1283 οὗ
1050 1241 1220 1290 πολλοὺς
1252 1241 1318 1282 καὶ
1342 1241 1488 1290 καλοὺς
1513 1242 1656 1294 διῆλθε

298 1308 439 1361 λόγους
470 1307 537 1347 καὶ
560 1306 660 1360 πρὸς
692 1305 739 1348 ὃν
765 1307 849 1348 δεῖν
873 1307 1107 1348 ἐπιστέλλειν
1133 1307 1206 1349 οὐκ
1238 1306 1362 1359 ἀνῆκε
1393 1306 1535 1362 λέγων,
1560 1302 1653 1348 ὥστ’

297 1372 373 1427 ἐγὼ
398 1372 470 1425 μὲν
495 1373 682 1421 πολλάκις
707 1372 865 1426 ἠρόμην
888 1371 937 1414 ὃν
961 1369 1032 1427 ἦγε
1058 1372 1163 1424 νέον,
1188 1374 1226 1414 εἰ
1248 1372 1441 1425 τέθνηκεν
1466 1371 1488 1414 ὅ
1512 1374 1657 1414 παιδα-

297 1438 438 1493 γωγός,
464 1438 512 1479 οὐ
537 1438 612 1492 γὰρ
637 1437 688 1479 ἂν
712 1438 840 1480 ἐδόκει
864 1454 932 1492 μοι
957 1440 1035 1488 ζῶν
1060 1431 1175 1480 τοῦτο
1201 1438 1403 1493 ἁμαρτεῖν,
1428 1445 1498 1479 τοῦ
1529 1436 1571 1479 δὲ
1596 1436 1657 1479 λέ-

298 1519 450 1558 γοντος,
476 1502 530 1552 ὡς
555 1505 769 1557 περίεστιν,
800 1503 963 1557 ἀπορῶν
996 1504 1043 1546 οὐ
1074 1503 1287 1557 πέπαυμαι.
1325 1507 1362 1545 5.
1389 1504 1545 1558 φράσον
1569 1498 1659 1556 οὖν,

246 1586 280 1611 20
299 1565 367 1610 εἴτ’
396 1568 530 1622 ἔλαβες
554 1570 629 1610 εἴτε
655 1570 727 1622 μή·
754 1574 806 1626 τῷ
826 1569 898 1622 μὲν
922 1570 997 1624 γὰρ
1022 1568 1273 1622 ἡσθήσομαι,
1298 1570 1341 1610 τὸ
1367 1566 1405 1610 δ’
1433 1568 1658 1624 ἀντίγραφά

300 1647 363 1675 σοι
388 1642 466 1675 τῶν
491 1636 656 1687 πρώτων
681 1636 837 1689 ποιήσει
861 1635 1041 1689 πέμπειν.

374 1766 418 1797 12
444 1762 490 1798 cf.
511 1773 568 1808 ep.
590 1766 635 1798 94
713 1766 754 1798 13
781 1763 828 1798 cf.
849 1773 907 1808 ep.
927 1767 983 1798 41.
1013 1762 1129 1798 Seeck
1156 1767 1177 1797 4
1199 1764 1205 1808 Ι
1228 1762 1274 1798 cf.
1295 1774 1351 1808 ep.
1373 1766 1418 1798 42

374 1887 395 1917 3
422 1880 506 1927 ἥξοι
530 1882 586 1918 Be
646 1886 668 1916 4
694 1880 818 1918 οὐκέτ’
842 1882 891 1918 Vo
954 1886 975 1917 5
995 1881 1317 1926 &nsd's'dooeouevS
1377 1886 1396 1916 6
1417 1883 1587 1918 ἐνταῦθα
1611 1877 1659 1927 ἦν

303 1930 359 1965 Be
432 1932 451 1964 ‘1
479 1928 691 1975 συνεγίνετο
719 1930 773 1966 Be
847 1934 868 1964 8
894 1929 1093 1976 γράμματα
1119 1929 1154 1966 V
1173 1929 1238 1965 sed
1263 1943 1311 1965 τα
1337 1941 1418 1965 corr
1442 1929 1498 1965 m⁵
1525 1936 1530 1974 Ι
1562 1927 1599 1966 δ’
1629 1929 1664 1965 V

303 1976 369 2012 sed
389 1974 400 1988 '
431 1977 468 2012 in
495 1988 556 2012 rae
582 1977 638 2012 κοῦ
683 1979 689 2023 Ι
730 1976 982 2024 ἐντετυχήκει
1010 1978 1061 2013 Vo
1085 1976 1194 2012 Wolf
1226 1977 1483 2024 ἐντετυχήκειν
1509 1977 1566 2013 Be

304 2028 324 2058 9
350 2025 479 2065 αὐτοῖς
503 2036 565 2060 om
591 2025 646 2061 Be
721 2029 766 2061 13
791 2026 888 2070 ὑμᾶς
913 2026 970 2061 Be
994 2025 1060 2061 sed
1086 2038 1110 2061 υ
1135 2036 1181 2062 ex
1204 2038 1228 2071 η
1254 2036 1336 2060 corr
1404 2029 1448 2060 14
1474 2026 1587 2070 δεῦρο
1608 2024 1660 2061 Vo

304 2073 360 2107 Be
387 2073 394 2117 Ι
420 2071 523 2118 ἥκων
547 2084 592 2117 pr
618 2074 625 2118 Ι
652 2070 758 2117 οἶμαι
783 2072 845 2109 del
874 2073 944 2109 Vo'
975 2073 982 2119 Ι
1012 2072 1062 2119 μὴ
1087 2073 1189 2108 inser
1214 2072 1285 2109 Vo⁴
1327 2084 1387 2109 om
1413 2085 1459 2119 pr
1533 2075 1576 2108 15
1603 2072 1661 2107 σοὶ

304 2121 392 2155 ante
418 2118 529 2165 λόγον
554 2120 655 2155 inser
681 2121 751 2156 Vo‘
775 2121 842 2156 sed
869 2120 930 2155 del
955 2120 1012 2155 ιιιι
1032 2123 1039 2167 Ι
1067 2120 1165 2167 ἔχειν
1190 2120 1321 2166 scripsi
1349 2117 1448 2167 εἶχεν
1473 2119 1561 2156 libri
1586 2119 1661 2155 edd

306 2171 349 2202 16
374 2166 517 2211 προσὸν
542 2169 598 2204 Be
642 2170 649 2213 Ι
695 2167 787 2204 ὥστε
814 2169 929 2205 VoBe
954 2168 1029 2204 edd
1111 2171 1154 2204 18
1179 2167 1289 2205 τοῦθ’
1323 2169 1355 2205 V
1434 2171 1479 2203 20
1503 2173 1571 2204 τοῦ
1599 2166 1665 2204 VS

303 2212 544 2298 {argeeltog‘z‘
559 2217 646 2298 1:³3ss
670 2216 886 2262 ἡσθήσομαι
910 2214 998 2252 libri
1018 2215 1091 2251 edd
1112 2214 1233 2252 delevi
1255 2217 1261 2261 Ι
1282 2213 1362 2252 τόδ’
1394 2216 1445 2253 Vo
1464 2214 1530 2252 sed
1549 2225 1664 2261 supra.
