1806 2964
280 221 368 265 306
871 223 1056 259 LIBANII

280 345 389 375 νυσε.
421 336 461 374 4.
485 334 678 388 πρότερον
703 333 776 387 μὲν
801 329 876 375 οὖν
900 334 1054 388 ἤκουόν
1085 347 1127 376 σε
1159 335 1312 388 μέλλειν
1336 335 1460 378 ἐκεῖσε
1485 336 1647 391 τρέχειν,

281 398 350 439 καὶ
373 399 478 440 πολὺ
502 405 618 440 τοῦτο
644 394 719 453 ἦν,
745 398 799 449 ὥς
824 399 995 453 μέλλεις,
1020 407 1098 441 νῦν
1123 396 1161 441 δ’
1190 399 1324 442 ἀκούω
1350 413 1415 442 σοι
1444 401 1487 443 τὸ
1513 401 1646 456 μένειν

280 464 474 520 ἀρέσκειν.
513 467 552 505 5.
577 464 728 514 ἐδόκεις
753 460 829 506 οὖν
855 480 922 518 μοι
959 465 1044 507 τότε
1075 465 1168 520 μέν,
1199 467 1394 520 εἰρήσεται
1417 467 1512 522 γάρ,
1536 467 1645 510 ἐκπε-

279 529 492 571 πλευκέναι
517 537 687 582 σαυτοῦ,
712 537 791 572 νῦν
816 529 859 572 δὲ
884 530 1100 583 ἐπανήκειν
1131 532 1190 581 εἰς
1218 531 1377 573 σαυτόν.
1415 532 1464 573 οὐ
1495 532 1571 587 γὰρ
1600 533 1645 575 ἐν

246 608 264 636 ⁵
283 596 494 644 τοσαύταις
519 595 724 649 ἀρχόντων
748 596 891 648 νιφάσι
916 594 958 636 σὲ
984 596 1110 649 μόνον
1137 597 1354 638 ἰδιωτεύειν
1380 597 1534 651 δεινόν,
1558 595 1642 639 ἀλλ’

281 662 317 702 εἰ
341 668 419 702 νῦν
443 659 593 716 ἄρξεις,
624 660 668 701 ἐν
693 653 724 717 ᾧ
744 667 946 715 τοσοῦτοι,
979 668 1096 703 τοῦτο
1127 662 1202 704 οὐκ
1232 661 1408 704 ἀνεκτόν.
1449 665 1487 704 6.
1512 663 1646 705 ἐλθεῖν

282 726 355 781 μὲν
381 722 456 768 οὖν
482 738 525 768 σε
549 726 657 780 παρὰ
682 728 816 781 φίλον,
841 727 878 768 εἰ
899 726 967 768 καὶ
992 727 1048 780 μὴ
1074 727 1232 783 μέτριον
1256 734 1372 770 τοῦτο
1397 727 1501 787 ἄλλω
1526 730 1646 787 φίλῳ,

282 788 378 848 παρ’
405 790 455 832 ὃν
481 791 555 836 οὐκ
582 787 722 845 ἦλθες,
747 792 823 846 ἔχει
847 808 885 833 τι
916 792 1133 846 σχήματος,
1157 791 1346 847 γενέσθαι
1377 793 1420 835 δέ
1450 807 1492 835 σε
1523 795 1647 848 δῆλον

282 858 406 912 ἀρχῆς
435 858 567 899 εἵνεκα
604 858 782 898 Νίκαιαν
812 857 1022 899 ἐκλιπόντα
1060 858 1135 899 οὐκ
1166 859 1265 899 ἴσον.
1316 858 1425 910 ἰδού,
1456 866 1647 914 ποταμῶν

230 937 265 964 ιο
282 923 379 965 ἅνω.
411 923 672 976 συμβουλεύω
704 921 776 976 μὲν
807 922 904 978 ἐγώ,
935 922 985 964 σὺ
1017 922 1060 964 δὲ
1091 922 1118 964 ἃ
1151 924 1332 978 πράττων
1364 923 1539 977 ἀμείνων
1562 924 1646 982 ἔσῃ,

283 990 517 1043 μανθάνεις.

210 1091 262 1127 W
281 1094 351 1128 ³80
371 1090 480 1138 (Ceut
501 1094 559 1137 ιο)
917 1081 1007 1132 τκξ.

758 1164 1025 1224 Ἰαμβλίχῳ.
1058 1172 1165 1215 (357)

347 1256 384 1292 1.
410 1251 489 1303 Μή
515 1263 579 1292 σοι
603 1250 814 1303 φαινέσθω
838 1248 935 1292 καθ’
965 1249 1080 1304 ἡμῶν
1111 1251 1285 1306 ἔγκλημα
1315 1251 1359 1293 τὸ
1384 1251 1509 1293 πολλὰ
1538 1251 1646 1307 παρὰ

233 1330 267 1357 1⁶
285 1323 359 1358 σοῦ
391 1316 586 1370 λαβόντας
615 1317 823 1371 γράμματα
854 1316 909 1370 μὴ
946 1323 1118 1358 τοσαῦτα
1154 1316 1452 1358 ἀντεπιστεῖλαι.
1490 1317 1540 1358 σὺ
1573 1315 1646 1371 μὲν

283 1381 359 1437 γὰρ
385 1379 516 1438 ᾔδεις,
541 1377 591 1423 οὗ
622 1381 870 1436 καθημένοις
900 1381 1136 1434 ἐπέστελλες,
1160 1381 1259 1436 ἡμῖν
1284 1382 1326 1424 δὲ
1351 1383 1426 1424 οὐκ
1451 1377 1504 1436 ἦν
1527 1383 1645 1424 ταύτὸ

284 1448 385 1503 πρὸς
409 1445 539 1502 ἄνδρα
564 1446 645 1506 ὁδῷ
668 1449 886 1502 χρώμενον,
917 1444 1022 1489 ὥσθ’
1052 1447 1073 1489 ὁ
1097 1449 1266 1503 γράφων
1300 1450 1501 1502 τηνάλλως
1532 1448 1645 1504 ἔγρα-

285 1528 363 1566 φεν
392 1511 455 1554 ἅν.
502 1516 541 1555 2.
572 1512 615 1554 τὸ
642 1512 684 1554 δὲ
715 1513 849 1554 ἐλθεῖν
877 1509 1072 1566 Ἀθήναζε
1103 1513 1169 1555 καὶ
1200 1514 1324 1569 ταύτῃ
1355 1514 1549 1566 κουφίσαι
1571 1513 1645 1567 τὴν

286 1578 431 1630 λύπην.
457 1579 531 1619 εἴτε
556 1578 675 1627 αὐτὸς
700 1578 799 1620 ἰδὼν
824 1579 899 1620 εἴτε
923 1577 1026 1635 ἄλλῳ
1051 1578 1230 1628 πεισθεὶς
1248 1578 1450 1632 ἐποίησας,
1474 1578 1644 1620 ἐπαινῶ·

343 1693 557 1777 ’1217ζὲγὲ
583 1693 637 1737 ιζ’.
671 1695 727 1731 Va
752 1693 800 1739 δ’,
825 1693 883 1737 ιζ.
914 1694 968 1731 Vo
993 1693 1040 1731 δ’.
1067 1693 1124 1740 ιζ’,
1149 1694 1179 1730 S
1201 1693 1249 1741 β’,
1274 1693 1346 1739 puy.
1381 1694 1453 1730 Vis
1473 1692 1529 1741 λβ’
1555 1694 1594 1730 et
1612 1705 1645 1730 11

287 1753 364 1777 πα.
429 1753 444 1776 ι
523 1754 540 1777 ε

359 1851 381 1884 8
406 1848 493 1884 Her.
513 1848 563 1883 111
583 1851 664 1892 155„
678 1851 720 1893 23
746 1847 797 1884 VI
813 1851 870 1893 12,
883 1851 917 1884 2.
943 1847 1046 1884 Suid.
1067 1860 1095 1884 a.
1109 1860 1143 1884 v.
1163 1847 1432 1889 ἐκπλεύσαντες
1480 1852 1502 1884 9
1515 1859 1570 1893 sq.
1596 1848 1643 1884 cf.

287 1896 336 1931 ad
350 1906 397 1942 ep
423 1899 480 1932 89.
507 1895 708 1931 Salzmann
722 1899 768 1932 90
820 1900 864 1932 13
884 1895 931 1932 cf.
947 1907 1006 1942 ep.
1021 1899 1101 1932 360.
1129 1895 1274 1932 Sievers
1295 1899 1339 1931 ‘16
1353 1897 1432 1932 not.
1446 1899 1503 1932 29.
1529 1895 1644 1932 Seeck

289 1947 369 1979 184.
396 1947 478 1979 34⁶.
513 1943 681 1980 Silomon
708 1947 751 1978 12
766 1954 821 1990 sq.

407 2051 476 2097 μὲν
500 2049 645 2086 inserui
669 2061 691 2088 ο
716 2051 752 2087 V
784 2061 845 2086 om
871 2050 1078 2087 VaVoSVi
1099 2049 1209 2086 Wolf
1284 2053 1307 2085 4
1332 2048 1370 2086 δ’
1392 2050 1422 2088 S
1443 2049 1574 2097 Wolf!
1595 2051 1646 2092 ὡς

295 2098 443 2135 VoSVi
468 2097 575 2134 Wolf
615 2100 621 2144 Ι
667 2096 805 2135 σαυτόν
837 2097 972 2144 scripsi
1003 2089 1120 2135 αὐτόν
1143 2097 1233 2134 libri
1263 2098 1330 2135 aed
1356 2110 1377 2134 σ
1401 2100 1515 2144 antep
1517 2109 1559 2134 οε
1585 2099 1644 2143 V‘.

288 2145 396 2182 Wolf
471 2150 493 2181 6
517 2151 689 2183 τοσοῦτοι
718 2157 757 2182 re
786 2146 870 2182 oeni
901 2157 922 2182 θ
959 2145 1067 2181 libris
1099 2151 1279 2182 τοσοῦτον
1313 2145 1421 2182 Wolf
1463 2150 1644 2182 τοσοῦτον

287 2199 399 2230 τοῦτο
434 2195 468 2239 (,,
471 2194 699 2231 subauditur
733 2207 755 2230 τ
814 2193 960 2240 γ’ἤένος
993 2194 1048 2229 Re
1080 2194 1092 2250 Ι
1133 2192 1310 2230 ἀνεκτέον
1337 2194 1385 2231 Vi
1514 2192 1643 2241 φίλον]

288 2240 384 2287 φίλω
412 2242 468 2278 Va
564 2244 587 2277 8
611 2241 735 2287 παρὸν
762 2195 960 2278 VVaVoS)
981 2242 1048 2277 ned
1076 2241 1118 2277 in
1147 2254 1225 2286 παρ
1228 2239 1309 2278 ’ὃν
1338 2252 1422 2277 corr
1446 2240 1574 2278 V⁶Vo⁸

290 2293 311 2324 9
338 2286 421 2325 ἶσον
447 2290 500 2326 Vo
509 2289 556 2325 Vi
653 2293 696 2325 13
727 2292 778 2337 τῷ
810 2290 912 2337 αὐτῷ
944 2288 983 2335 (i.
1009 2300 1042 2325 e.
1063 2287 1257 2337 Ἰαμβλίχῳ
1290 2287 1499 2337 φιλοσόφω)
1522 2288 1552 2325 S

291 2340 335 2372 16
362 2334 407 2372 οὗ
433 2337 470 2373 V
489 2336 554 2373 flod
581 2347 627 2372 ex
651 2338 701 2378 ὡς
724 2327 807 2372 οὸιτ
830 2326 898 2372 m‘
912 2337 962 2379 ὡς
986 2337 1031 2373 οὐ
1057 2336 1105 2373 Vi
1191 2340 1234 2372 1⁷
1260 2349 1330 2382 την
1354 2325 1472 2378 ἄλλους’
1497 2336 1553 2373 Va
1575 2335 1645 2382 τὴν

288 2384 407 2426 ἄλλως
431 2384 461 2421 S
493 2397 515 2420 τ
515 2383 661 2430 ηνάλως
680 2385 732 2420 Vo
741 2385 787 2420 Vi
804 2395 824 2420 1
839 2386 879 2421 et
896 2395 934 2420 11
998 2387 1043 2420 18
1066 2384 1207 2430 ταύτην
1233 2384 1279 2421 Vi
1287 2394 1325 2420 11
1395 2387 1439 2419 19
1459 2383 1532 2420 εἴτε
1550 2386 1585 2430 (1
1606 2385 1646 2420 eb

290 2433 326 2477 2)
346 2432 380 2467 V
401 2433 469 2468 sed
495 2444 514 2468 ε
531 2443 614 2468 eras
653 2430 720 2468 εἴτ’
738 2432 767 2469 S
779 2432 962 2469 VizVind
981 2431 1089 2468 Wolf
1120 2431 1193 2468 εἴτε
1213 2431 1280 2479 (1)]
1311 2430 1380 2468 εἴτι
1411 2442 1457 2467 ex
1488 2431 1541 2468 ἔτι
1564 2442 1646 2467 corr

296 2479 345 2516 Vi
355 2481 415 2526 ΠΙ
437 2478 584 2527 εἴτε(2)]
609 2477 677 2515 εἴτ’
706 2480 754 2516 Vs·
762 2490 799 2516 ιι
