1806 2964
643 218 915 255 EPISTULAE
942 222 1134 256 250—251
1240 223 1243 226 ⁴
1490 219 1579 262 237

197 336 239 374 3.
253 331 376 387 εἰμὲν
395 326 471 374 οὖν
491 332 623 389 ὥσπερ
648 332 739 387 περὶ
757 339 838 373 τῶν
854 328 1075 386 Ὀλυμπίου
1094 333 1255 386 τρόπων
1274 333 1404 382 οὕτως
1422 331 1586 387 ἐτύγχα-

197 414 265 448 νες
290 397 476 452 ἀκηκοὼς
501 398 568 440 καὶ
592 398 684 453 περὶ
708 405 789 440 τῶν
814 398 947 440 ἄλλων
974 399 1239 455 πραγμάτων,
1272 395 1356 441 οὔτ’
1380 398 1432 440 ἃν
1462 398 1585 448 αὐτὸς

194 464 403 521 ἕπέτρεπες
433 469 517 515 τοῖς
548 464 838 520 ἐπηρεάζουσιν
868 463 967 519 ἡμῖν
993 463 1028 507 τ’
1057 465 1179 508 οὐδὲν
1210 464 1262 507 ἂν
1293 466 1372 507 ἔδει
1396 465 1585 519 τοιαύτης

194 530 428 585 ἐπιστολῆς·
462 538 541 573 νῦν
567 528 606 572 δ’
630 531 684 582 ὡς
717 530 792 585 μὲν
817 531 991 587 ἀγαθός,
1018 533 1271 587 πολλαχόθεν
1295 532 1395 587 ἔχεις
1420 536 1582 585 μαθεῖν.

197 601 238 640 4.
263 597 332 639 καὶ
356 598 516 652 πρῶτόν
541 614 585 653 γε
603 599 713 653 παρὰ
731 605 812 640 τῶν
831 598 1106 652 Μακεδόνων,
1131 601 1173 640 οἳ
1189 599 1316 656 τούτῳ
1335 599 1584 653 προσόμοιον
1621 610 1639 639 5

195 663 370 720 ἄρχοντα
394 666 534 718 λαβεῖν
559 663 744 719 εὔχονται
770 664 855 718 μέν,
883 666 1022 719 λαβεῖν
1047 664 1091 707 δὲ
1117 665 1166 707 οὐ
1192 665 1445 719 δεδύνηνται.
1482 663 1581 720 παρ’

195 726 256 772 ὧν
281 727 316 772 δ’
340 729 392 772 ἂν
418 727 470 785 ἧν
496 743 560 772 σοι
584 730 704 773 τᾶλλα
724 736 888 785 μαθεῖν,
913 732 991 773 οὐκ
1010 722 1202 774 ἶθέλουσι
1228 732 1447 786 διδάσκειν,
1471 734 1581 773 λυσι-

195 801 302 839 τελεῖ
319 796 395 852 γὰρ
422 797 516 847 ἴσως
537 798 674 848 αὐτοῖς
693 799 737 841 τὸ
757 805 921 853 πρᾶγμα
940 798 1168 852 ἀφανίζειν,
1193 794 1279 840 ἀλλ’
1302 798 1378 853 ἐγὼ
1401 799 1582 851 δηλώσω.

197 865 235 904 5.
252 859 470 916 Ὀλύμπιος
489 858 621 917 οὗτος,
646 861 694 904 ὃν
721 863 784 913 δὶς
803 860 848 906 εὖ
867 866 1105 919 πεποίηκας,
1126 865 1188 914 δὶς
1207 865 1284 920 γὰρ
1306 863 1423 919 ἡμῶν
1441 859 1581 921 ἧρξας,

195 929 282 982 ἥξει
302 927 346 970 δὲ
365 929 462 978 ἴσως
481 929 548 971 καὶ
574 927 600 982 ἡ
620 931 743 984 τρίτη,
768 931 965 987 πρότερον
990 931 1063 985 μὲν
1088 932 1146 981 εἰς
1171 932 1215 974 τὸ
1234 929 1439 985 Ῥωμαίων
1464 931 1581 974 ἐτέλει
1599 945 1637 971 ιο

194 995 422 1050 συνέδριον,
447 994 545 1050 χθὲς
570 995 614 1038 δὲ
640 995 694 1046 ὡς
713 997 840 1055 εἰπεῖν
858 997 1022 1053 γέγονεν
1040 997 1239 1054 ὑμέτερος.
1271 1000 1309 1039 6.
1328 994 1455 1040 ἔπειθ’
1477 997 1579 1053 ὑπὲρ

192 1061 362 1116 ἀρχαίας
387 1061 603 1116 ἐνοχλεῖται
629 1070 774 1117 φορᾶς,
799 1064 872 1118 οὐχ
905 1064 965 1106 ὅτι
990 1063 1155 1118 ὀφείλει,
1179 1071 1266 1114 πῶς
1290 1064 1365 1120 γὰρ
1392 1065 1415 1106 ὅ
1439 1081 1483 1120 γε
1509 1064 1579 1106 οὔ·

192 1142 257 1168 πω
290 1128 376 1170 τότε
407 1129 625 1182 προσήκων
649 1129 774 1182 ’ὑμῖνς
806 1127 890 1171 ἀλλ’
914 1131 975 1172 ὅτι
1006 1129 1221 1185 ὁμώνυμός
1249 1131 1355 1172 ἐστιν
1375 1129 1579 1189 Ὀλυμπίῳ

194 1195 286 1235 τινί.
323 1195 469 1236 τούτου
496 1193 539 1236 δὲ
565 1195 640 1237 οὐκ
664 1194 718 1236 ἂν
742 1194 854 1246 ἄξιος
878 1197 940 1250 εἴη
961 1198 1106 1238 δοῦναι
1125 1198 1265 1250 δίκην·
1292 1197 1342 1239 ού
1360 1197 1436 1252 γὰρ
1456 1197 1578 1246 αὐτὸς

192 1260 324 1302 ἔπεισε
354 1261 450 1310 τοὺς
481 1265 614 1316 γονεῖς
638 1261 792 1303 θέσθαι
817 1262 925 1320 αὐτῷ
945 1262 1134 1316 τοῦνομα.
1178 1267 1214 1304 7.
1240 1270 1400 1318 πρῶτον
1426 1263 1499 1317 μὲν
1525 1264 1575 1317 δὴ
1597 1274 1634 1301 ιε

193 1327 360 1380 ταύτην,
386 1322 418 1368 ὦ
445 1328 647 1381 δαιμόνιε,
675 1329 750 1382 τὴν
776 1330 970 1384 σύγχυσιν
994 1329 1110 1379 ἀξίου
1137 1329 1336 1384 διορίζειν.
1375 1329 1508 1371 ἔπειτα
1534 1329 1578 1371 ἐν

193 1397 281 1443 ταῖς
312 1397 460 1448 φοραῖς
491 1393 551 1447 μὴ
586 1396 753 1447 μεῖζον
779 1395 895 1436 ἔστω
920 1402 1005 1449 τῆς
1029 1395 1148 1445 νεὼς
1171 1396 1222 1438 τὸ
1247 1397 1452 1451 φορτίον
1477 1395 1575 1450 μηδ’

270 1505 289 1534 1
317 1498 438 1534 Seeck
464 1502 533 1534 223
610 1503 631 1534 9
658 1499 781 1535 Amm.
801 1499 918 1537 Marc.
938 1500 1026 1536 XIV
1048 1506 1080 1545 1,
1100 1505 1139 1545 33
1169 1504 1236 1546 ⁷,2
1308 1505 1353 1536 10
1373 1500 1421 1538 cf.
1441 1512 1501 1547 ep.
1517 1505 1575 1538 70.

194 1549 265 1582 252
353 1550 397 1582 13
424 1546 472 1583 cf.
494 1557 553 1592 ep.
574 1550 644 1583 252
731 1551 773 1583 17
802 1548 847 1584 ef.
869 1560 928 1595 op.
949 1552 1031 1584 617.
1061 1552 1166 1586 1443.
1201 1548 1403 1585 Salzmann
1430 1553 1476 1585 56

270 1648 288 1677 1
316 1642 440 1686 ὥσπερ
466 1643 609 1680 inserui
641 1655 662 1679 ο
693 1643 803 1680 libris
835 1645 886 1686 ὡς
917 1644 1037 1681 Seeck
1069 1649 1139 1681 375
1171 1646 1250 1681 not.
1272 1649 1293 1681 2
1344 1656 1406 1681 om
1435 1645 1542 1682 Wolf
1563 1647 1570 1689 l

192 1690 398 1738 ἐτύγχανεν
427 1692 477 1728 Vo
552 1695 573 1727 2
600 1692 650 1733 ὡς
676 1694 764 1728 ante
791 1693 857 1729 καὶ
881 1693 1124 1729 inserendum
1151 1693 1238 1730 coni
1262 1693 1319 1730 Re
1341 1695 1346 1739 Ι
1376 1694 1490 1735 αὐτὸς
1515 1705 1574 1730 rs·

192 1738 304 1785 posui
329 1750 350 1775 e
368 1738 479 1775 libris
517 1740 636 1776 αὐτὸν
655 1740 764 1777 Wolf
780 1741 900 1777 Seeck
956 1745 977 1776 3
1003 1754 1042 1778 τε
1061 1741 1172 1778 Wolf
1226 1746 1248 1777 4
1273 1744 1416 1788 μαθεῖν
1436 1742 1574 1789 scripsi

193 1798 280 1822 cum
306 1786 465 1823 Seeekio
505 1788 643 1833 μαθών
667 1788 758 1825 libri
783 1789 893 1825 Wolf
963 1793 984 1826 5
1010 1787 1106 1834 πρὸς
1131 1789 1264 1836 ὅμοιον
1290 1791 1347 1827 Va
1410 1793 1430 1825 7
1455 1793 1572 1827 τᾶλλα

201 1835 258 1871 Va
283 1837 350 1872 sed
368 1839 384 1847 '‘
411 1836 450 1871 in
470 1835 488 1848 '¹
515 1847 598 1872 corr
628 1837 698 1882 m⁴‚
731 1838 783 1874 Vo
858 1842 878 1873 9
905 1833 1023 1883 ἦρξας
1049 1839 1104 1874 Va
1124 1839 1191 1874 ssd
1210 1841 1226 1849 '⁴
1254 1849 1274 1875 e
1298 1835 1308 1849 '
1337 1849 1420 1874 corr
1449 1839 1507 1874 m⁴
1532 1842 1572 1875 st

194 1897 218 1928 η
243 1883 284 1919 in
307 1895 369 1920 ras
400 1884 458 1919 m⁶
536 1889 578 1920 11
606 1885 658 1927 ὡς
687 1885 833 1921 inserui
852 1898 872 1922 e
893 1886 1086 1923 VVaVoS
1131 1898 1193 1922 om
1219 1887 1276 1923 Be
1301 1887 1368 1923 sed
1394 1887 1445 1929 ὡς
1471 1887 1570 1925 ἔστιν

191 1932 357 2016 3525&ss
359 1933 604 2027 332223‘22?
605 1933 1569 2023 ‘zi-f1'1b31“5z{⁹⁰⁹15⁰z³13<5ss1⁰132¹²v331f8133022133³⁸⁸

194 2031 237 2062 12
264 2033 389 2074 φορᾶς
412 1994 632 2075 ρταθιιιῃίεὲἰε
658 2030 783 2066 verbis
809 1996 913 2077 φοέοὶ
943 2031 967 2078 ἡ
1000 2011 1172 2077 εἰσφοράῖ
1198 2031 1383 2078 Λιβάνιος
1415 2032 1457 2068 ἐν
1488 2031 1569 2068 ἑπι-

193 2079 303 2124 στολῇ
339 2077 436 2112 citat
467 2076 630 2113 Thomas
661 2077 762 2125 Mag.
788 2090 817 2114 s.
842 2091 876 2115 v.
898 2078 1002 2125 φορά
1033 2091 1070 2125 p.
1097 2083 1179 2124 386,
1201 2083 1221 2114 9
1255 2079 1288 2114 R.
1385 2083 1429 2114 12
1462 2079 1567 2116 οὔπω

193 2124 251 2160 Be
275 2125 343 2160 sed
368 2138 398 2160 ω
424 2136 471 2161 sx
495 2138 517 2162 ο
543 2136 626 2161 corr
651 2126 708 2162 ω’
789 2130 834 2162 13
860 2128 950 2173 ὑμῖν
975 2127 1112 2173 scripsi
1137 2138 1158 2163 e
1185 2128 1305 2164 VaBe
1337 2127 1404 2163 sed
1429 2127 1470 2163 in
1495 2128 1569 2164 hoo

190 2184 215 2206 v
247 2182 293 2209 ex
324 2186 347 2219 η
380 2183 463 2209 corr
493 2173 560 2217 m’,
587 2185 674 2210 cum
700 2174 883 2211 Sieversio
919 2175 1078 2212 Seeckio
1121 2175 1212 2222 ἡμῖν
1241 2176 1330 2212 VVo
1366 2175 1475 2212 Wolf

194 2224 238 2255 16
264 2220 366 2269 αὐτῷ
391 2221 481 2257 libri
507 2221 617 2259 Wolf
634 2224 640 2268 Ι
662 2224 750 2269 post
775 2221 844 2268 μὲν
863 2234 924 2259 ras
946 2227 966 2258 3
987 2223 1053 2259 litt
1071 2225 1128 2260 Be
1203 2227 1248 2259 16
1274 2223 1416 2270 ταύτην
1443 2223 1491 2270 δὴ
1513 2224 1564 2273 V}

191 2267 371 2314 σύγχυσιν
406 2270 464 2306 Be
493 2270 559 2306 sed
590 2273 673 2318 v(2)
703 2270 745 2306 in
776 2281 838 2307 ras
869 2271 927 2307 m’
1027 2275 1071 2307 16
1098 2271 1228 2308 ἔπειτα
1253 2292 1299 2298 -—
1328 2275 1371 2307 17
1405 2270 1566 2318 φορτίον

191 2318 280 2362 post
336 2317 474 2354 riorem
505 2318 631 2354 locum
662 2318 880 2365 praemissis
913 2319 1037 2356 verbis
1072 2320 1138 2356 καὶ
1171 2319 1287 2355 πάλιν
1318 2320 1360 2356 ἐν
1392 2320 1566 2368 ἐπιστολῇ

190 2364 288 2400 citat
346 2365 475 2401 homas
502 2365 606 2413 Mag.
626 2367 651 2403 l.
673 2367 698 2402 1.
770 2371 813 2402 17
839 2367 889 2413 μὴ
916 2389 962 2394 -
988 2367 1147 2414 φορτίον
1174 2379 1320 2403 versum
1348 2369 1567 2404 comoedias

189 2411 343 2448 Atticae
371 2424 455 2449 esse
482 2414 660 2450 viderunt
685 2415 729 2451 H.
750 2414 881 2451 Iacobi
906 2415 964 2451 Fr.
986 2427 1080 2451 com.
1113 2415 1175 2452 Gr.
1198 2415 1231 2451 V
1256 2428 1292 2462 p.
1315 2415 1503 2452 CCCLXX
1529 2429 1566 2453 n.

192 2462 262 2493 459
289 2462 329 2496 et
353 2460 420 2496 Th.
442 2461 550 2498 Kock
575 2462 676 2499 Com.
703 2463 783 2499 Att.
804 2463 849 2499 fr.
869 2463 920 2499 111
944 2476 982 2510 p.
1004 2467 1074 2499 502
1100 2476 1137 2500 n.
1163 2468 1234 2500 512
1267 2463 1314 2501 cf.
1341 2464 1469 2501 Herm.
1496 2464 1568 2500 XII

192 2511 262 2543 212
284 2510 291 2554 Ι
311 2509 362 2555 μὴ
387 2507 424 2545 δ’
457 2510 575 2547 VoBe
