1806 2964
624 219 896 257 EPISTULAE
922 223 1115 258 314-315
1234 232 1237 234 ·
1468 222 1556 266 293

181 329 227 373 δὲ
251 330 505 386 ἐγκωμιάζων
520 328 769 386 Ἀστυδάμας
794 332 974 388 γέγονας.
1005 330 1109 385 ἀλλ’,
1134 330 1166 376 ὦ
1185 334 1356 389 βέλτιστε
1371 330 1558 389 Ἀχιλλεῦ,

182 396 253 439 τὸν
271 397 443 452 Ἐκτορα
468 396 705 448 ἀποκτείνας
729 398 832 452 ἄφες
849 395 1007 457 Ὁμήρῳ
1033 400 1123 456 περὶ
1141 407 1213 442 τοῦ
1233 401 1368 454 φόνου
1392 416 1429 442 τι
1453 402 1556 443 διελ-

181 466 286 505 θεῖν.

828 560 908 603 τιε’.
1483 571 1532 607 W
1558 575 1628 608 318

666 647 933 703 Κληματίῳ.
963 651 1071 694 (357)

246 732 283 769 1.
300 725 390 771 Ἔτι
409 745 456 783 με
475 734 559 781 τοῖς
576 731 806 786 γράμμασιν
824 729 1039 784 ἡὸόμενον,
1063 730 1090 772 ἃ
1107 731 1257 786 ε’μήνυε
1276 736 1422 789 λῃστοῦ
1447 749 1556 783 τινος

184 795 388 848 σύλληψιν
422 796 590 850 κομψὴν
635 797 794 851 ἔχοντος
829 797 1016 839 διάδυσιν
1055 797 1124 839 καὶ
1158 797 1274 852 ὄχλον
1308 799 1457 852 ’ἥκοντα
1490 799 1556 842 ἐπὶ

181 861 256 915 τὴν
281 863 414 916 κρίσιν
438 863 504 904 καὶ
537 863 615 916 σὴν
646 862 810 917 εὔροιαν
841 863 909 904 καὶ
939 871 1024 905 τῶν
1051 865 1369 917 περιεστηκότων
1399 866 1557 919 κρότον,

181 928 337 978 τούτοις
357 943 404 981 με
429 928 750 983 εὐφραινόμενον
774 930 831 978 εἰς
857 929 1042 983 ἀθυμίαν
1061 931 1173 983 ἥκων
1191 930 1255 972 ε’νέ
1283 935 1376 973 αλεν
1392 927 1555 986 Ἀσκλη-

180 995 330 1048 πιάδης
354 994 376 1037 ὁ
402 995 544 1048 ἰατρός.
584 996 707 1048 ἔφησε
738 996 814 1050 γάρ
845 1009 888 1037 σε
918 1003 1086 1050 ποιῆσαι
1115 1003 1239 1038 ταῦτα
1270 996 1297 1037 ἃ
1332 999 1555 1051 μεμηνότος
1575 1013 1609 1040 ιο

180 1055 246 1113 ἧν,
271 1060 339 1102 καὶ
363 1060 488 1103 εἰπὼν
518 1062 672 1104 ἔπεισεν
704 1061 777 1112 οὓς
810 1062 955 1114 ἔπεισε,
990 1062 1058 1104 καὶ
1092 1064 1218 1112 πολὺς
1253 1058 1305 1116 ἧν
1341 1063 1363 1106 ὁ
1398 1066 1554 1118 χειμών.

183 1128 222 1166 2.
247 1126 324 1181 ἐγὼ
351 1126 394 1168 δὲ
418 1128 661 1180 αἰσθόμενος
686 1129 757 1171 τὸν
782 1127 856 1182 μὲν
880 1127 1053 1183 ἄρχοντα
1081 1133 1262 1184 κατεῖχον
1293 1131 1555 1184 συκοφάντην

181 1196 316 1234 καλῶν
339 1193 410 1235 τὸν
435 1194 573 1249 ἰατρὸν
596 1194 664 1235 καὶ
690 1194 878 1248 δεόμενος
896 1195 1077 1248 βάσανον
1100 1194 1329 1238 ἀποδοῦναι
1353 1201 1407 1253 τῷ
1431 1198 1554 1251 πράγ-

182 1274 288 1311 ματι,
313 1259 383 1302 τὸν
409 1255 446 1301 δ’
472 1256 770 1314 Ἀσκληπιάδην
794 1261 844 1302 ἕπ
864 1265 963 1302 ιθον
995 1261 1050 1314 μὴ
1082 1262 1209 1303 κακὸν
1234 1258 1338 1303 εἶναι
1363 1261 1464 1316 μηδὲ
1489 1280 1554 1304 τα-

182 1325 304 1378 ραχὰς
329 1325 507 1379 ἐμποιεῖν
532 1326 599 1367 καὶ
624 1323 731 1381 εἶχον
756 1326 880 1368 ταύτά
905 1344 974 1380 μοι
1004 1327 1071 1369 καὶ
1102 1327 1376 1382 βουλομένους
1400 1329 1467 1370 καὶ
1492 1329 1552 1371 λε’-
1574 1343 1606 1370 15

181 1406 326 1444 γοντας
350 1391 558 1447 Εὖάγριόν
583 1408 623 1433 τε
642 1393 709 1434 καὶ
728 1385 958 1450 ᾧπλεῖστον
977 1393 1127 1447 μέτεστι
1146 1401 1321 1448 φρενῶν,
1342 1391 1553 1448 Ἀμπέλιυν

181 1455 280 1510 λέγω
311 1457 381 1499 τὸν
413 1461 546 1500 καλόν.
588 1462 626 1499 3.
652 1459 797 1501 οὑτωσὶ
829 1460 881 1512 δή
913 1473 974 1501 σοι
1008 1460 1055 1501 τὰ
1086 1467 1158 1501 τοῦ
1189 1460 1379 1514 ἄρχοντος
1410 1466 1553 1502 κεῖται·

182 1519 268 1563 οὔτ’
302 1523 446 1580 ἐχθρὸς
476 1523 580 1579 ἀνὴρ
612 1522 710 1567 οὔθ’
746 1522 831 1574 οἷος
866 1526 1096 1579 ἔμπροσθεν
1128 1528 1256 1578 φίλος.
1299 1527 1342 1568 τὸ
1375 1526 1447 1580 μὲν
1478 1528 1552 1582 γὰρ

181 1587 295 1642 ’ἡμεῖς
329 1590 599 1644 ἐκωλύσαμεν,
629 1592 673 1632 τὸ
713 1590 755 1633 δὲ
788 1592 971 1645 ἐκίνησεν
1003 1591 1024 1634 ὅ
1051 1593 1316 1646 ψευσάμενος.
1359 1595 1397 1634 4.
1425 1593 1475 1633 σὺ
1511 1591 1549 1634 δ’

251 1723 274 1754 4
308 1719 358 1755 VI
379 1718 424 1764 γ’,
451 1719 492 1755 ε’.
528 1720 581 1757 Va
608 1719 654 1766 δ’,
681 1720 722 1756 ε’.
758 1722 811 1757 Vo
837 1720 886 1766 δ’,
912 1720 953 1757 ε’.
980 1721 1010 1758 S
1032 1721 1080 1769 β’,
1107 1720 1176 1761 ος’.
1210 1722 1258 1758 Vi
1283 1721 1359 1767 ρκζ

256 1847 273 1874 1
303 1841 349 1875 cf.
376 1847 426 1875 aa
452 1852 510 1886 ep.
531 1844 576 1876 4⁷
627 1845 649 1877 5
676 1841 824 1878 Sievers
838 1845 967 1884 241,4.
995 1841 1114 1878 Seeck
1130 1845 1209 1877 110.
1231 1845 1313 1878 342.
1346 1841 1512 1878 Silomon
1530 1846 1550 1877 9

203 1889 225 1922 8
246 1886 342 1923 Plat.
358 1887 512 1924 Phaedt
531 1901 566 1935 p.
581 1889 689 1926 2380
741 1893 784 1925 16
805 1889 950 1925 Sievers
971 1894 1016 1926 79
1036 1894 1112 1926 not.
1127 1894 1172 1926 52
1206 1894 1287 1933 241,
1303 1894 1337 1926 4.
1365 1889 1484 1926 Seeck
1498 1894 1544 1926 58

181 1936 221 1970 et
248 1938 316 1971 128
392 1940 436 1972 18
462 1936 548 1973 Eur.
570 1937 707 1974 Phoen.
730 1942 835 1974 1446.
862 1939 997 1974 Aesch.
1017 1939 1088 1985 Ag.
1111 1942 1204 1974 1272

255 2061 273 2092 1
301 2057 469 2103 ἀχιλλεὺς
494 2058 532 2095 R
605 2061 626 2093 5
652 2061 703 2103 τῷ
729 2058 831 2107 αὐτῷ
852 2058 891 2105 (i.
912 2069 944 2095 e.
955 2058 1182 2118 Κληματίῳ)
1207 2059 1290 2095 SVi
1362 2062 1383 2093 6
1411 2056 1469 2094 ὅτι
1497 2059 1551 2095 Va

188 2105 240 2141 Vo
261 2108 267 2150 Ι
289 2112 368 2147 τοῖς
395 2106 428 2142 V
449 2106 515 2142 sed
542 2118 562 2141 ο
588 2106 628 2141 in
653 2117 715 2142 ras
741 2095 816 2142 m³
843 2113 848 2141 1
895 2108 940 2153 ἐμ
940 2107 1055 2147 ἤνυεν
1083 2108 1138 2143 Va
1172 2109 1178 2152 Ι
1208 2109 1343 2152 ληοτοῦ
1370 2106 1514 2143 VaSVi
1542 2107 1547 2155 Ι

179 2153 267 2190 τινὰ
291 2152 382 2189 libri
418 2165 500 2189 corr
515 2153 622 2190 Wolf
693 2158 711 2189 ‘1
739 2120 940 2190 διάδυσινμ
947 2156 980 2191 V
1001 2155 1066 2191 sed
1092 2169 1116 2191 υ
1141 2155 1181 2190 in
1207 2166 1269 2190 ras
1294 2155 1352 2190 ια’)
1418 2158 1440 2190 8
1467 2155 1550 2199 εὕρ·

182 2214 292 2241 οοιαν
314 2202 366 2238 Vo
386 2203 393 2246 1
414 2200 481 2238 τὸν
505 2206 593 2238 ante
619 2208 693 2238 τῶν
721 2204 793 2248 Vi
816 2203 953 2248 κρότον
979 2215 999 2239 e
1025 2202 1171 2247 κρότων
1196 2214 1279 2239 oorr
1312 2202 1375 2238 Vi*
1425 2207 1446 2238 9
1473 2202 1548 2239 ἐνέ-

179 2250 292 2296 βαλεν
319 2261 363 2285 ex
390 2249 572 2297 ἀνέβαλεν
597 2261 680 2286 corr
713 2250 776 2287 Vi*
818 2250 1013 2311 ἐνέβαλλεν
1041 2252 1093 2287 Vo
1163 2255 1207 2287 10
1234 2251 1347 2296 ἔφησε
1367 2251 1502 2297 scripsi
1528 2261 1549 2287 ο

189 2298 221 2333 V
255 2298 327 2344 ἔφη
346 2298 402 2334 Va
414 2298 552 2335 VoSVi
575 2298 703 2335 Wolf·
738 2298 944 2346 μεμηνότος
972 2299 1037 2335 VS
1064 2298 1169 2334 Wolf
1241 2264 1304 2334 11η
1311 2299 1456 2335 ἔπεισεν
1483 2298 1549 2340 οὓς

180 2356 239 2381 om
268 2346 314 2382 Vi
359 2349 365 2391 Ι
412 2345 618 2392 gaston-(2)
647 2348 738 2384 VVa
820 2352 864 2383 12
890 2345 1172 2392 αἰσθανόμενος
1200 2348 1245 2383 Vi
1332 2353 1375 2382 14
1396 2346 1438 2383 δὲ
1468 2348 1514 2383 Vi
1541 2347 1545 2383 Ι

180 2394 230 2440 μὴ
257 2394 298 2430 δὲ
326 2394 434 2431 VoVi
509 2400 551 2430 15
578 2395 749 2441 ἐμποιεῖν
776 2396 827 2431 Vo
847 2396 911 2432 sed
940 2397 966 2440 μ’
991 2407 1011 2430 e
1037 2410 1059 2431 ν
1085 2407 1168 2431 corr
1191 2395 1249 2430 m'
1269 2396 1276 2439 Ι
1296 2395 1418 2431 ταῦτά
1447 2394 1553 2430 Wolf

254 2446 298 2478 16
326 2441 501 2478 πλείστου
535 2453 555 2478 e
589 2445 724 2479 πλεΐστ
728 2457 761 2479 ν
796 2454 878 2479 corr
906 2444 951 2479 Vi
1025 2447 1067 2478 17
1096 2444 1222 2479 οὑτοσὶ
1250 2444 1305 2479 Va
1380 2448 1424 2479 18
1449 2442 1547 2488 ἀνὴρ

180 2489 313 2536 scripsi
338 2490 436 2537 ἀνὴρ
461 2490 551 2526 libri
576 2490 685 2527 Wolf
755 2494 799 2527 19
832 2489 870 2528 δ’
894 2491 923 2528 S
939 2492 983 2528 Vi
1006 2491 1117 2527 Wolf
1142 2494 1148 2538 Ι
1183 2489 1355 2537 ἐνίκησεν
1381 2491 1467 2527 coni
1495 2491 1547 2525 Re
