1806 2964
633 198 910 236 EPISTULAE
935 203 1128 236 262—265
1497 199 1586 242 253

840 321 937 374 σξδ’.
1509 332 1561 368 w
1586 335 1657 369 267

682 406 942 468 Ὃνωράτφ.
979 420 1086 464 (361)

257 498 296 536 1.
311 491 479 546 Ἔοικάς
503 511 541 536 τι
565 494 830 549 λελυπηκέναι
854 494 925 536 τὸν
950 494 1109 550 ἑταῖρον
1129 493 1230 549 ἡμῖν
1245 492 1500 548 Ἀσκληπιόν.
1532 495 1582 536 οὐ

196 559 272 617 γὰρ
297 559 350 602 ἅν
375 577 423 615 με
449 566 535 611 ταῖς
560 561 741 616 ἐσχάταις
766 560 961 617 ἀνάγκαις
986 561 1160 616 ᾢιάζετο
1186 562 1372 617 γράφειν,
1397 562 1434 602 εἰ
1452 561 1507 615 μή
1528 577 1585 602 τι-

195 643 268 677 νος
298 627 408 685 αὐτῷ
441 629 561 682 δίκην
593 627 760 682 ὤφειλες
791 627 818 682 ἢ
845 628 1025 682 μείζονος
1056 627 1083 681 ἢ
1112 627 1330 678 ἐλάττονος.
1372 631 1410 669 2.
1437 627 1513 683 ἐγὼ
1541 626 1584 670 δὲ
1623 642 1639 668 ⁶

193 693 322 736 πολλὰ
342 693 416 748 μὲν
441 693 621 749 ἐδεήθην
646 694 773 736 αὐτοῦ
800 694 854 748 μὴ
881 695 1045 736 τοιαῦτά
1069 707 1134 736 σοι
1153 694 1305 750 φέρειν,
1330 695 1370 744 ἐξ
1391 689 1449 736 ὧν
1469 693 1584 736 ἀνιά-

193 772 268 814 σει,
298 761 560 816 τεκμαίρομαι
594 760 638 803 δὲ
672 760 736 802 σοὶ
767 762 1064 816 προσίστασθαι
1095 761 1143 802 τὰ
1173 759 1344 816 ἡμέτερα
1375 766 1428 818 τῷ
1457 760 1584 815 μηδὲν

195 825 295 880 ἡμῖν
320 826 479 869 ἐκεῖθεν
502 827 654 870 ἐλθεῖν.
690 827 750 869 ὅτι
774 827 850 883 γὰρ
876 827 927 870 οὐ
950 828 1060 869 πάνυ
1081 829 1319 882 Μελιτίδης,
1345 828 1585 869 αἰσθάνεται

193 899 267 947 τῆς
290 896 527 948 μεταβολῆς.
566 897 605 936 3.
633 894 700 936 διὰ
719 893 793 948 μὲν
818 894 869 948 δὴ
896 901 1020 936 ταῦτα
1043 892 1260 953 παρῄνουν
1279 894 1438 952 ἐμαυτῷ
1465 902 1583 949 σιγᾶν

194 960 266 1001 καί
288 975 357 1014 μοι
382 959 562 1014 μετέμελε
587 967 668 1003 τῶν
692 961 922 1015 ἔμπροσθεν
941 960 1255 1014 ἐπεσταλμένων,
1280 961 1441 1011 πάντως
1461 960 1504 1002 δὲ
1524 961 1582 1011 ἕξ·
1604 977 1638 1002 ιο

195 1027 280 1068 εστί
311 1042 380 1080 μοι
411 1026 479 1068 καὶ
510 1027 567 1081 μὴ
598 1028 798 1082 γράφοντι
830 1031 975 1080 φιλεῖν.
1015 1031 1054 1070 4.
1081 1026 1165 1069 ἐπεὶ
1191 1026 1234 1069 δὲ
1259 1026 1394 1082 ἄγχων
1415 1023 1581 1081 Ἀσκλη-

194 1092 288 1143 πιὸς
312 1092 381 1134 καὶ
406 1094 577 1147 φάσκων
603 1091 695 1136 οὐδ’
717 1093 783 1148 ἄν,
807 1095 850 1136 εἴ
868 1111 906 1136 τι
929 1094 1099 1149 γένοιτο,
1124 1093 1300 1147 ἀφήσειν
1320 1093 1506 1148 ἐνέβαλεν
1525 1095 1582 1145 εἰς

192 1159 268 1212 τὴν
293 1158 527 1215 ἐπιστολήν,
557 1162 732 1214 ποίησον
757 1159 779 1203 ὃ
807 1161 878 1204 τὸν
904 1162 1064 1203 δίκαιον
1088 1161 1206 1211 εἰκός.
1244 1161 1282 1202 εἰ
1306 1159 1349 1201 δέ
1374 1177 1433 1210 τις
1458 1151 1584 1214 άηὸία

193 1225 348 1281 γένοιτο
381 1226 447 1268 διὰ
479 1234 560 1269 τῶν
589 1228 854 1283 γραμμάτων,
885 1227 1003 1281 ἀφεὶς
1034 1227 1129 1277 τοὺς
1159 1227 1340 1283 κήρυκας
1372 1228 1485 1268 αἰτιῶ
1512 1227 1582 1269 τὸν

193 1292 478 1347 Ἀγαμέμνονα.
1602 1310 1636 1336 ιιι

843 1378 932 1430 σξε’.
1506 1386 1557 1422 W
1584 1390 1655 1422 268

704 1468 775 1523 Τῷ
799 1465 936 1522 αὐτῷ.
973 1475 1079 1518 (361)

258 1552 295 1589 1.
317 1544 425 1590 Ἰδού
452 1561 516 1590 σοι
546 1548 614 1590 καὶ
638 1547 831 1603 βασιλέως
859 1549 1047 1604 ἐπιστολὴ
1074 1548 1302 1604 βουλομένη
1328 1547 1456 1603 μηδὲν
1481 1547 1581 1602 ἡμῖν

192 1613 423 1656 ἀδικεῖσθαι
454 1615 525 1657 τὸν
552 1612 773 1669 Ὀλύμπιον
805 1615 879 1670 οὐχ
910 1615 965 1666 ὡς
999 1615 1089 1670 οὐχὶ
1120 1615 1187 1657 καὶ
1219 1622 1291 1674 τῆς
1316 1622 1390 1669 σῆς
1414 1616 1580 1670 γνώμης

195 1679 399 1736 ἀρκούσης
422 1697 462 1723 τε
487 1681 556 1723 καὶ
580 1689 697 1724 τοῦτο
723 1681 785 1723 ἀεὶ
811 1683 1021 1736 ζητούσης,
1048 1683 1157 1732 ὅπως
1182 1681 1310 1736 μηδὲν
1330 1682 1403 1732 ἔξω
1423 1689 1495 1723 τοῦ
1519 1683 1580 1723 δι·
1600 1697 1637 1723 20

196 1748 314 1789 καίου
338 1748 562 1802 πράττοιτο,
588 1744 673 1790 ἀλλ’
702 1750 746 1790 οἷ
766 1748 836 1790 τὸν
861 1747 991 1804 ἄνδρα
1018 1752 1248 1803 φιλοῦντες,
1273 1747 1414 1790 πολλοὶ
1439 1747 1482 1789 δὲ
1509 1744 1579 1790 οὗ·

193 1829 255 1855 τοι
284 1813 353 1855 καὶ
384 1815 570 1869 δυνατοί,
602 1815 645 1857 τὸ
678 1814 806 1869 μηδὲν
837 1819 1027 1870 παρεῖναι
1057 1822 1138 1856 τῶν
1164 1815 1373 1871 φερόντων
1397 1815 1455 1865 εἰς
1479 1815 1580 1869 βοή-

266 1934 285 1966 1
321 1932 388 1968 Vtt
411 1930 460 1976 α’,
487 1931 582 1992 σμς’.
615 1932 672 1968 Va
704 1932 751 1980 y‘,
777 1932 846 1979 ξβ’.
891 1934 942 1970 Vo
969 1932 1015 1979 γ’,
1042 1931 1098 1981 ξβ’
1201 1936 1244 1968 16
1279 1933 1348 1969 VJ!
1371 1931 1421 1977 α’,
1454 1931 1579 1980 [⁶44³]-

203 1979 259 2015 Va
283 1978 330 2025 γ’,
355 1979 422 2026 ἕν’·
456 1981 509 2016 Vo
534 1979 582 2028 γ’,
607 1980 673 2028 ἔν’
767 1982 817 2030 οβ

260 2091 281 2123 2
309 2087 427 2124 Seeck
455 2092 536 2126 179.
563 2092 646 2126 376.
674 2088 843 2126 Silomon
875 2093 922 2126 46
974 2093 995 2126 8
1023 2089 1145 2126 Seeck
1165 2092 1208 2126 91
1262 2092 1284 2125 8
1304 2088 1353 2125 cf.
1379 2089 1429 2124 ad.
1448 2100 1509 2136 ep.
1530 2093 1575 2126 51

243 2135 348 2171 1411.
370 2150 396 2172 α
416 2140 486 2172 335
564 2141 608 2174 17
636 2137 684 2175 cf.
704 2149 752 2184 ep
756 2142 902 2174 .-251
908 2142 990 2175 253.
1018 2137 1165 2175 Sievers
1186 2141 1270 2183 284,
1290 2141 1325 2174 5.
1354 2137 1474 2174 Seeck
1496 2141 1576 2175 179

195 2183 474 2221 8⁷6.Si10mon
494 2189 541 2222 46
619 2190 664 2223 19
690 2150 810 2223 Sefeck
830 2190 900 2223 223

267 2296 288 2328 2
314 2292 493 2342 ὀνωράτφ
511 2292 602 2331 libri
645 2294 692 2331 cf.
713 2295 762 2331 ad
784 2306 843 2342 ep.
859 2298 927 2332 251
1010 2299 1032 2331 5
1058 2294 1217 2341 ὥφειλες
1240 2295 1377 2342 scripsi
1415 2293 1580 2341 ὀφείλεις

193 2340 284 2376 libri
308 2341 418 2377 Wolf
496 2345 516 2377 7
543 2341 825 2389 προσίστασθαι
852 2345 904 2382 Vo
930 2343 998 2380 sed
1024 2355 1046 2380 σ
1077 2344 1181 2379 inser
1210 2343 1269 2379 m⁸
1349 2346 1372 2378 8
1404 2341 1447 2384 ὅς
1463 2357 1500 2380 τι
1527 2344 1579 2380 Vo

195 2389 263 2426 eod
288 2403 307 2432 ς
330 2390 433 2428 inser
466 2390 524 2426 ιιι8
616 2395 638 2428 9
665 2393 759 2439 διαμ
761 2391 803 2429 ὲν
830 2393 886 2430 Va
980 2395 1026 2429 10
1053 2391 1089 2430 δ’
1121 2391 1230 2430 Wolf
1321 2395 1367 2428 14
1393 2392 1520 2428 αἰτιυῦ
1547 2392 1584 2429 V

193 2435 304 2474 Wolf
324 2439 391 2475 sed
418 2450 502 2476 corr
521 2439 610 2476 Add
635 2443 704 2477 861
809 2445 852 2478 17
879 2440 1059 2487 ὀνωράτω
1085 2442 1127 2478 D
1228 2444 1273 2476 18
1299 2441 1390 2487 ὑμῖν
1414 2441 1456 2477 D

194 2488 239 2522 22
263 2485 324 2535 τὸ]
349 2493 401 2524 τῶ
428 2487 546 2525 VaVo
