1806 2964
284 213 373 257 256
875 213 1061 250 LIBANH

283 324 480 375 δέξασθαί
507 339 548 366 τε
572 324 637 366 καὶ
664 324 822 378 πέμψαι
847 325 915 366 διὰ
939 326 1092 379 τάχους.
1127 327 1271 381 τάχους
1294 328 1390 382 γάρ,
1418 325 1546 382 οἶμαι,
1571 330 1654 372 διό·

284 406 404 443 μενος
434 389 552 443 ἀφεὶς
582 389 764 443 ἡμιόνων
796 392 932 445 ζεῦγος
963 392 1089 433 ἵππον
1118 391 1275 434 ἐλαύνει
1304 393 1372 434 καὶ
1401 400 1526 435 ταῦτα
1549 394 1655 437 ἐλάτ-

282 471 371 498 τονι
393 462 466 498 τοῦ
490 456 621 498 πόνου
645 457 846 511 χρώμενος
870 457 1030 510 σώματι.
1072 460 1109 498 3.
1134 454 1219 498 ἀλλ’
1241 457 1285 499 ἐν
1311 459 1377 500 σοί
1397 458 1441 513 γέ
1459 459 1540 502 ἐστι
1557 463 1655 502 πολ-

284 521 333 562 λὰ
366 529 437 575 τῆς
467 523 736 577 ταλαιπωρίας
765 521 938 574 ἀφελεῖν.
975 520 998 563 ὃ
1029 524 1220 576 ποιήσας,
1252 524 1275 565 ὅ
1305 540 1343 565 τι
1376 525 1579 578 δυναίμην
1602 524 1655 568 ἂν

248 602 266 629 s
285 587 518 642 ὑπουργεῖν,
543 586 728 629 ἐπίταττε.
765 587 888 629 καλὸν
914 587 956 629 δὲ
985 585 1096 642 οἶμαι
1120 595 1192 642 τῆς
1214 595 1295 630 τῶν
1318 590 1559 644 γραμμάτων
1583 589 1655 647 ἀρ-

283 659 356 707 χῆς
389 650 484 707 παρ’
507 653 608 706 ἐμοῦ
643 653 910 708 γεγενημένης
942 653 1016 707 τὴν
1049 660 1130 696 τῶν
1164 655 1291 710 ἔργων
1323 655 1514 710 γενέσθαι
1546 656 1655 709 παρὰ

285 725 371 760 σοῦ.
403 719 508 761 οὕτω
532 718 608 774 γὰρ
634 718 686 760 ἃν
709 719 766 768 εἰς
792 720 881 760 ἲσον
900 721 1189 774 κατασταίημεν
1206 720 1404 774 ἀλλήλοις,
1429 724 1578 774 μᾶλλον
1596 721 1655 776 δέ,

284 783 353 825 καὶ
377 785 482 826 οὕτω
508 785 580 826 σὸν
603 786 647 827 τὸ
672 793 805 839 νικᾶν,
828 786 937 839 εἴπερ
962 785 1111 839 ἀμείνω
1136 792 1216 827 τῶν
1240 786 1369 841 λόγων
1393 786 1440 827 τὰ
1464 787 1570 842 ἔργα.

212 935 261 971 w
286 938 357 971 2⁷2
915 926 1018 979 σξθ’.

231 1027 266 1054 ιο
766 1013 1016 1071 Εὐθηρίφ.
1050 1023 1161 1068 (358)

348 1101 386 1137 1.
402 1093 555 1146 ’Όντως
579 1095 601 1139 ὁ
628 1095 824 1150 Νεμέσιος
845 1092 973 1154 Ἑρμῇ
1000 1098 1129 1150 φίλος.
1155 1098 1205 1139 οὐ
1229 1097 1306 1152 γὰρ
1339 1096 1391 1138 ἂν
1423 1092 1540 1147 οὗτος
1565 1093 1653 1139 οὔτ’

283 1162 415 1216 ἔλεγεν
440 1163 568 1211 οὕτως
593 1159 680 1204 οὔτ’
702 1162 857 1217 ἔκρινεν
881 1162 1025 1215 ἄλλον,
1050 1163 1087 1204 εἰ
1111 1162 1166 1215 μὴ
1191 1169 1261 1216 τῆς
1286 1162 1447 1212 εὖνο.ἀς
1472 1163 1654 1217 ἀπήλαυε

283 1234 354 1269 τοῦ
385 1232 508 1281 θεοῦ,
540 1227 624 1270 ἐπεὶ
654 1227 722 1269 καὶ
741 1225 920 1282 Ὅμηρος
953 1227 1150 1281 μνησθεὶς
1169 1225 1364 1283 ’Έκτορος
1395 1230 1542 1283 μεγάλα
1575 1229 1654 1284 εἰρ-

282 1292 482 1348 γασμένου
509 1292 589 1334 Διὶ
614 1294 763 1343 φίλον
787 1293 911 1335 αὐτὸν
937 1292 1117 1334 ἐκάλεσεν
1144 1292 1446 1347 ἐνδεικνύμενος
1472 1292 1526 1343 ὡς
1559 1294 1654 1348 μετὰ

229 1374 265 1401 1⁶
285 1365 357 1410 τῆς
380 1359 536 1400 ἐκείνου
561 1359 691 1413 ῥοπῆς
716 1359 848 1399 πάντα
879 1358 1109 1414 ἐπέπρακτο.
1150 1362 1189 1400 2.
1214 1361 1436 1412 θαιμάζων
1462 1358 1505 1401 δὲ
1529 1359 1654 1403 αὐτὸν

283 1423 336 1474 ὡς
363 1424 523 1479 ἀγαθὸν
549 1425 698 1479 ῥήτορα
723 1428 855 1477 φιλεῖν
881 1421 1000 1478 εἶχον,
1027 1425 1085 1466 ὅτι
1105 1440 1172 1477 μοι
1191 1425 1312 1478 δῆλος
1331 1420 1385 1478 ἦν
1404 1426 1552 1480 χαίρων
1570 1430 1655 1476 τοῖς

282 1495 368 1539 σοῖς
393 1490 577 1545 ἀγαθοῖς.
603 1491 678 1544 τήν
702 1505 741 1532 τε
765 1490 842 1545 γὰρ
868 1490 932 1531 ἐπὶ
958 1497 1028 1544 τῆς
1061 1489 1183 1544 ἀρχῆς
1209 1490 1354 1543 ἀρετὴν
1378 1490 1551 1543 ἐμήνυσε
1576 1492 1654 1533 σὺν

282 1554 413 1612 ἡδονῇ
439 1556 704 1611 διηγούμενος
728 1560 811 1606 τοῖς
836 1571 876 1597 τε
901 1554 1030 1609 ἡδέως
1054 1555 1324 1612 ἀκροωμένοις
1346 1553 1422 1610 εἶχε
1447 1557 1561 1611 χάριν
1581 1556 1654 1612 οὐχ

283 1620 338 1671 ὥς
363 1621 414 1663 ἅν
439 1638 497 1671 τις
522 1622 569 1663 τὰ
595 1621 717 1663 ἄλλον
748 1623 1071 1676 ἐκδιηγούμενος,
1095 1618 1181 1663 ἀλλ’
1203 1621 1258 1671 ὡς
1282 1622 1334 1663 ἅν
1365 1638 1423 1672 τις
1454 1622 1501 1663 τὰ
1533 1622 1654 1673 αὐτὸς

228 1703 265 1730 ao
282 1687 420 1729 αὑτοῦ.
447 1691 486 1729 3.
512 1689 579 1730 σοί
600 1703 640 1730 τε
665 1683 741 1730 οὖν
765 1688 983 1741 συνήσθην
1007 1694 1078 1740 τῆς
1103 1694 1174 1729 τοῦ
1200 1687 1366 1740 ἐραστοῦ
1392 1689 1538 1742 μανίας
1564 1689 1652 1730 τού-

281 1770 336 1811 τῳ
361 1769 400 1795 τε
424 1760 497 1796 τοῦ
523 1754 692 1803 κάλλους
717 1748 775 1795 ὧν
801 1753 936 1804 ἐδίωξε
960 1754 1170 1795 παιδικῶν.
1196 1750 1282 1794 ἀλλ’
1304 1748 1376 1806 ’ἧκε
1396 1751 1469 1806 μὲν
1493 1752 1652 1795 ἐκεῖθεν

282 1818 456 1873 φαιδρὸς
480 1819 548 1860 καὶ
572 1819 701 1868 εὐθὺς
731 1818 913 1873 ἠπείγετο
945 1818 1045 1873 πρὸς
1075 1819 1146 1861 τὸν
1179 1818 1302 1872 ἤπιον
1334 1818 1525 1873 ἄρχοντα,
1556 1818 1651 1876 δέξῃ

355 1931 376 1964 9
412 1929 478 1968 Vn
501 1928 550 1973 α’,
577 1927 672 1964 σνα’.
705 1928 762 1964 Va
788 1927 835 1974 γ’,
860 1927 924 1972 εἴ.
955 1927 1010 1965 Vo
1035 1928 1080 1976 γ’,
1106 1927 1167 1972 ἐξ.
1194 1928 1225 1965 S
1245 1927 1294 1973 δ’,
1318 1927 1394 1975 μα’.
1427 1929 1477 1966 Vi
1499 1927 1581 1975 ρληῖ

357 2034 401 2066 10
427 2030 574 2066 Sievers
601 2033 683 2073 210,
697 2033 729 2066 8.
757 2029 875 2065 Seeck
891 2032 971 2066 150.
987 2033 1068 2065 376.
1096 2029 1264 2066 Silomon
1290 2033 1399 2076 wsq.
1451 2034 1494 2066 11
1522 2029 1570 2066 ef.
1590 2040 1648 2076 ep.

282 2080 365 2113 270.
396 2081 499 2114 1002.
522 2081 625 2114 1019.
659 2077 805 2113 δίονοη
829 2081 895 2114 198
915 2079 993 2114 not.
1014 2080 1072 2114 62.
1111 2077 1230 2114 Seeck
1249 2081 1320 2114 460
1390 2081 1435 2114 13
1460 2077 1504 2114 11.
1523 2081 1544 2122 ζ
1560 2081 1650 2123 818ς

279 2127 312 2161 θ’
336 2128 406 2161 493
456 2129 503 2162 20
528 2125 625 2161 Plat.
645 2125 806 2162 Phaedr.
825 2137 862 2172 p.
878 2129 947 2162 249
961 2125 992 2161 E

355 2238 373 2268 1
401 2233 607 2280 διατάχους
634 2233 690 2269 Va
756 2236 778 2268 2
805 2231 932 2269 ἵππων
958 2233 1015 2270 Va
1076 2236 1098 2268 5
1125 2229 1297 2270 ἐπίττατε
1321 2233 1380 2270 Va
1443 2237 1462 2269 ‘1
1490 2229 1572 2269 ἴσον
1592 2233 1650 2269 Va

290 2281 342 2317 Vo
366 2280 476 2316 Wolf
547 2286 590 2318 11
617 2279 790 2326 νομέσιος
814 2280 845 2317 S
863 2283 870 2324 Ι
892 2277 1003 2323 οὗτος
1027 2278 1109 2317 οὔτ’
1131 2280 1254 2328 ἔλεγεν
1279 2279 1400 2323 οὕτως
1425 2280 1557 2327 scripsi
1577 2291 1598 2316 e
1620 2280 1656 2317 V

284 2328 370 2364 S'Vi
405 2327 523 2371 οὕτως
548 2326 627 2365 οὔτ’
653 2329 779 2375 ἔλεγεν
804 2325 916 2370 οὗτος
944 2329 1059 2366 VaVo
1072 2327 1178 2365 Wolf
1236 2333 1280 2364 12
1300 2328 1387 2365 οὔτε
1409 2327 1646 2377 Val'QWolffl

279 2375 444 2413 ακέλαυι
470 2377 528 2413 Va
585 2381 628 2413 15
654 2375 808 2413 ἅπαντα
838 2377 893 2413 Va
950 2380 991 2413 1‘1
1001 2388 1057 2423 eq.
1083 2377 1274 2423 συνηδονῆ
1302 2377 1350 2413 Vs·
1399 2379 1443 2412 18
1469 2373 1568 2423 εἶχεν
1594 2376 1650 2413 Va

329 2428 375 2460 20
401 2425 520 2461 αὐτοῦ
546 2425 599 2461 Vo
643 2425 650 2470 Ι
695 2425 864 2469 ἐρασθοῦ
900 2424 947 2461 Vi
1031 2429 1076 2460 21
1102 2421 1194 2469 ἧκεν
1219 2424 1277 2462 Va
1349 2427 1395 2460 22
1421 2421 1538 2466 αὖθις
1562 2422 1648 2461 coni

279 2471 337 2507 Re
357 2474 364 2518 Ι
386 2470 561 2519 ἠπείγετο
590 2472 623 2508 V
644 2471 711 2508 sed
736 2486 758 2518 γ
783 2472 825 2508 in
848 2483 911 2508 tau
936 2472 993 2507 m⁸
