1806 2964
623 224 893 262 EPISTULAE
919 228 1110 262 ose-⁶⁸9
1459 224 1547 268 587

177 342 265 386 ἐκεῖ
284 342 564 384 κακοπάθειαν
588 338 656 380 καὶ
681 336 736 387 ὡς
761 336 939 379 τάνθάδε
965 337 1063 391 ὑμῖν
1088 337 1152 379 ἐπὶ
1178 338 1224 378 τὰ
1249 339 1364 392 χείρω
1390 337 1550 391 φέρεται

179 416 259 451 τῶν
283 407 581 463 βοηθησάντων
606 404 658 446 ἂν
682 404 871 448 ἀπόντων
894 404 1089 459 ἠθύμουν
1114 404 1180 445 καὶ
1200 403 1267 445 διὰ
1286 411 1409 446 ταῦτα
1435 402 1550 461 ᾤμην

178 476 266 521 ,δεῖν
289 474 395 528 ὑμᾶς
420 473 575 525 ἐλθεῖν,
602 471 711 521 ὅπως
745 472 898 512 τούτων
929 471 1036 512 ἔσται
1065 470 1200 522 πέρας.
1246 474 1284 511 2.
1309 471 1551 525 πραγμάτων

179 540 224 583 δέ
247 557 308 591 τις
331 538 610 596 ἐπιγενόμενος
641 538 786 587 κύκλος
811 537 991 588 ἐδίδαξεν
1017 537 1077 579 ὅτι
1102 535 1180 591 ἄρα
1198 541 1374 592 κρεῖττον
1398 532 1452 591 ἦν
1476 536 1550 587 ἔξω

178 612 252 648 τοῦ
282 605 481 658 κυδοιμοῦ
517 603 671 658 μένειν,
703 599 787 643 ἀλλ’
823 599 934 658 οἶμαι
963 603 1031 645 καὶ
1061 610 1204 644 τοῦτον
1235 603 1452 656 στήσεσθαι
1482 603 1548 644 καὶ
1588 620 1605 646 5

177 670 276 726 ύμῖν
301 670 502 713 ἐπάνοδον
526 669 700 712 ἔσεσθαι.

814 775 916 832 χλθῖ
1263 785 1311 821 w
1336 789 1407 822 564
1432 784 1543 832 (cnut
1563 787 1623 831 ιο)

675 862 908 920 Εὐσεβίφ.
942 866 1049 911 (361)

240 952 276 988 1.
306 949 356 989 Τί
377 947 428 989 ἅν
455 964 512 996 τις
546 947 701 1003 αἰτιῷτο
735 948 937 1002 φεύγοντα
969 954 1073 1003 πῦρ;
1105 947 1233 1003 πυρὸς
1268 947 1344 1002 γὰρ
1376 945 1497 988 οὐδὲν
1522 945 1548 999 ἡ

177 1021 257 1055 τῶν
282 1014 461 1056 ἐνταῦθα
487 1012 667 1067 διαφέρει
693 1014 927 1066 φιλονεικία.
960 1014 1034 1054 εἴτε
1053 1020 1124 1066 τῆς
1143 1014 1303 1066 φύσεως
1326 1012 1549 1067 ἐναγούσης
1570 1025 1606 1050 ιο

177 1081 253 1122 εἴτε
278 1088 358 1121 τῶν
382 1080 626 1135 πραγμάτων
645 1079 893 1133 βιαζομένων
911 1080 1058 1134 οἴχεται
1077 1078 1149 1132 μὲν
1167 1079 1304 1133 αἰδώς,
1324 1079 1550 1133 αἰσχύνεται

178 1146 223 1189 δὲ
248 1147 396 1195 οὐδείς,
422 1147 615 1188 δάκνουσι
640 1145 683 1188 δὲ
707 1145 913 1199 ἀλλήλους,
933 1144 1099 1198 φθόνον
1124 1144 1166 1186 δὲ
1186 1144 1273 1199 ἐμοὶ
1292 1145 1549 1200 συνάγουσιν.

179 1216 218 1254 2.
246 1212 268 1256 ὅ
294 1212 337 1254 δὲ
362 1212 537 1265 ἀδελφός
570 1228 637 1265 μοι
661 1219 741 1263 τῶν
771 1211 862 1262 περὶ
892 1218 1015 1253 ταῦτα
1039 1218 1175 1252 κακῶν
1206 1211 1281 1253 οὐκ
1311 1210 1418 1252 ἔστιν
1442 1210 1549 1252 ἐλεύ-

178 1283 315 1334 θερος,
341 1274 426 1320 ἀλλ’
455 1277 569 1320 οὔπω
595 1277 668 1332 μὲν
692 1282 920 1333 λειτουργεῖ,
943 1278 1018 1332 τὴν
1036 1277 1203 1332 μνήμην
1228 1276 1272 1319 δὲ
1290 1277 1340 1319 οὐ
1359 1276 1549 1332 διέφυγεν

178 1345 224 1387 ἐν
248 1349 302 1402 τῷ
321 1344 412 1399 περὶ
437 1346 589 1386 τούτων
613 1344 726 1402 λόγῳ.
762 1347 800 1386 3.
826 1345 1071 1399 δυσχεραίνω
1092 1342 1135 1384 δὲ
1160 1342 1233 1396 τὴν
1258 1343 1391 1397 πόλιν,
1414 1342 1547 1397 βλέπω
1568 1356 1603 1382 15

177 1411 222 1453 δὲ
246 1411 408 1465 ἑτέρωσε
427 1410 496 1452 καὶ
513 1417 637 1452 ταῦτα
653 1410 787 1466 γήρως
805 1409 1049 1466 γεγευμένος.
1081 1416 1244 1452 τοιαῦτα
1262 1416 1334 1451 τοῦ
1352 1409 1549 1463 παρόντος

178 1477 436 1530 ἀπολαύομεν
460 1483 615 1532 καιροῦ.

253 1633 272 1665 '1
306 1630 375 1666 Vtt
396 1628 446 1674 α’,
473 1628 575 1677 αἴθ’.
609 1629 665 1666 Va
689 1628 732 1672 ἴ,
757 1629 822 1666 κε’.
856 1630 910 1667 Vo
935 1628 1006 1676 (ζ),
1032 1628 1098 1665 κε’.
1119 1629 1200 1666 Mo.
1221 1629 1268 1666 St
1288 1627 1335 1675 δ’,
1361 1628 1428 1665 νθ’
1452 1630 1490 1664 et
1515 1639 1552 1665 [ι

178 1676 226 1721 ς’,
253 1674 299 1715 δ’.
332 1678 383 1713 W
405 1678 490 1722 (ηδ’.
526 1678 626 1714 Vind
651 1677 747 1723 (ἦθ’.
774 1678 851 1714 Ath

254 1825 276 1857 8
303 1821 422 1857 Seeck
450 1825 518 1857 140
537 1822 581 1858 Χ.
595 1825 665 1859 385
692 1833 791 1858 anno
812 1825 879 1858 361
906 1821 1055 1866 tribuit,
1074 1823 1187 1867 recte,
1205 1823 1250 1863 ut
1274 1821 1436 1864 videtur,
1462 1831 1548 1856 cum

179 1869 296 1905 verba
315 1870 339 1906 l.
363 1874 407 1906 16
428 1869 550 1915 γήρως
574 1868 849 1917 γεγευμένος
872 1872 917 1907 ut
943 1870 990 1906 de
1016 1872 1188 1916 tempore
1212 1868 1421 1916 posteriore
1446 1868 1549 1915 cogi·

179 1919 282 1954 tetur
306 1929 382 1954 non
407 1920 557 1965 cogant.
584 1918 631 1955 cf.
652 1929 711 1965 ep.
732 1922 801 1954 ’169

254 2067 272 2098 1
300 2061 474 2100 τάνθάδε
494 2064 564 2100 Mo
588 2062 655 2099 ssd
681 2064 763 2109 α(1)
789 2073 872 2098 eras
897 2062 1018 2099 ταύτά
1049 2063 1092 2098 δε
1117 2060 1226 2097 Wolf
1253 2061 1321 2097 sed
1354 2072 1437 2097 con·
1461 2061 1547 2097 Add

180 2114 251 2147 862
320 2114 341 2146 3
369 2108 469 2153 ὅπως
492 2110 627 2157 scripsi
653 2110 726 2146 coll
760 2122 818 2155 ep.
840 2114 909 2146 848
934 2122 972 2156 p.
993 2114 1075 2155 380,
1091 2114 1129 2155 13
1155 2120 1213 2155 ep.
1235 2113 1304 2145 502
1329 2121 1367 2154 p.
1387 2112 1469 2151 4⁷7,
1487 2114 1548 2154 133

179 2169 238 2204 ep.
261 2162 363 2194 1075.
387 2162 480 2194 1810
517 2158 576 2195 ὅτι
599 2158 690 2194 libri
709 2158 819 2195 Wolf
858 2157 950 2195 ὅταν
964 2159 1019 2194 Re
1100 2161 1121 2192 9
1147 2155 1224 2194 τίν’
1255 2157 1412 2194 Vosmt
1423 2158 1525 2194 Vina

182 2210 227 2243 10
253 2207 468 2254 ἀνοιγούσης
495 2206 796 2243 VaVoMoSmt
818 2206 884 2243 sed
909 2206 950 2242 in
970 2207 1041 2243 hoc
1066 2219 1111 2252 γρ
1136 2204 1301 2252 ἀγούσης
1325 2217 1501 2250 suprascr

181 2258 225 2291 11
251 2253 324 2291 εἴτε
348 2254 389 2290 in
414 2266 476 2290 ras
503 2254 573 2291 W¹
641 2258 686 2291 18
711 2255 941 2300 ἀδελφιδοῦς
965 2254 1042 2302 Ro!
1071 2251 1144 2289 ἔστ’
1177 2253 1500 2290 Vos1.11WVind

180 2306 225 2338 15
251 2302 482 2349 δυσχεραίνω
515 2303 568 2340 W
587 2302 654 2338 sed
680 2316 720 2348 ερ
745 2302 847 2339 inser
870 2301 928 2338 m’
978 2305 1022 2338 16
1048 2299 1276 2348 γευσάμενος
1302 2301 1354 2337 W
1400 2305 1444 2336 16
1470 2314 1546 2338 τοι·

181 2356 279 2387 αὔτα
304 2372 349 2377 -
378 2355 421 2386 17
453 2356 590 2396 καιροῦ
623 2350 840 2396 praemissis
875 2350 998 2387 verbis
1025 2349 1101 2386 ἔστι
1133 2348 1170 2385 δ’
1202 2347 1261 2386 ὅτε
1298 2349 1549 2396 (ἀπολαύω)

180 2398 324 2445 λέγεται
349 2400 415 2435 καὶ
440 2398 533 2445 μετὰ
557 2399 784 2444 αἰτιατικῆς,
811 2398 861 2440 ὡς
893 2398 957 2435 καὶ
983 2396 1181 2445 Λιβάνιος·
1208 2397 1302 2433 citat
1326 2397 1548 2442 Laeapenus

181 2445 335 2493 epimer.
359 2447 417 2484 od.
444 2446 488 2482 G.
515 2446 706 2483 Hermann
738 2447 785 2482 de
817 2446 962 2482 emend.
994 2447 1064 2481 rat.
1085 2456 1242 2490 gramm.
1269 2457 1323 2492 gr.
1344 2457 1381 2491 p.
1403 2449 1484 2489 382,
1503 2450 1548 2481 14
