1806 2964
575 230 844 268 EPISTULAE
869 233 1060 268 500—502
1428 228 1516 271 477

140 344 270 387 θέντα
295 355 360 386 σοι
384 344 454 386 τὸν
479 350 550 386 τοῦ
570 347 750 385 συνεῖναι
773 346 856 392 τοῖς
886 343 1115 398 παιδαρίοις
1145 342 1283 384 πόνον.
1330 344 1368 383 3.
1395 341 1447 382 σὺ
1473 339 1516 382 δὲ

142 411 195 453 τά
218 424 258 452 τε
282 408 381 451 ἄλλα
403 409 534 466 πρᾷός
558 425 618 459 τις
642 408 709 450 καὶ
734 416 850 451 τοῦτο
875 409 997 458 οἴσεις
1028 408 1077 451 οὐ
1109 412 1305 462 χαλεπῶς,
1336 406 1422 449 ἐπεὶ
1447 406 1515 447 καὶ

142 474 246 530 ἡμῖν
261 482 342 518 τοῦ
367 475 422 528 μὴ
447 476 602 530 γράψαι
627 475 817 528 πρότερον
843 475 918 517 οὐκ
943 474 1050 529 ἔσχες
1074 477 1262 529 χαλεπῶς.

783 639 856 696 φβ’
1439 648 1487 683 w
1513 652 1585 684 ιιι

588 723 837 785 Ὀλυμπίῳ.
877 734 1047 783 (356157)
1549 739 1566 766 ⁵

205 817 244 853 1.
261 810 407 853 ’Έοικα
432 811 636 861 διακόνοις
661 810 710 852 οὐ
729 811 900 861 δικαίοις
918 815 1092 865 χρῆσθαι
1109 810 1199 866 περὶ
1225 810 1271 852 τὰ
1289 810 1512 866 γράμματα,

137 877 178 919 εἰ
207 877 334 919 πολλὰ
364 877 430 919 ἐπὶ
470 881 633 927 πολλοῖς
668 876 886 927 ἐπιστείλας
923 875 977 927 ὡς
1011 873 1100 919 οὐδ’
1129 875 1266 919 ὁτιοῦν
1295 876 1513 925 ἐπιστείλας

141 942 391 998 ἐγκέκλημαι.
425 946 464 984 2.
489 943 540 984 σὺ
566 938 606 984 δ’
629 941 762 998 ἀλγῶν
786 941 858 996 μὲν
883 946 937 1000 τῷ
962 942 1017 996 μὴ
1044 944 1180 996 λαβεῖν
1212 940 1348 997 ὀρθῶς
1379 942 1512 990 δοκεῖς

142 1010 291 1064 ἀλγεῖν,
314 1009 359 1052 τὸ
385 1005 424 1051 δ’
446 1008 599 1062 ἀφέντα
624 1008 803 1064 ἐγκαλεῖν
822 1008 909 1062 ἐμοὶ
927 1007 1036 1063 παρὰ
1059 1013 1113 1066 τῷ
1138 1009 1240 1064 θείῳ
1265 1023 1312 1062 με
1339 1008 1511 1058 διώκειν,

138 1075 250 1117 τουτὶ
286 1074 336 1128 δὴ
363 1081 515 1131 πικρῶς
538 1073 807 1128 ἀμυνομένου.
840 1071 962 1116 οἶσθα
986 1074 1061 1130 γὰρ
1094 1073 1148 1124 ὣς
1178 1074 1269 1128 ἐμοί
1296 1089 1335 1116 τε
1360 1073 1510 1123 ἐκεῖνος
1530 1087 1565 1114 ιο

139 1141 343 1191 αἰδέσιμος
372 1140 441 1195 ε’μέ
470 1156 510 1182 τε
541 1140 691 1190 ἐκεῖνος
722 1141 797 1183 οὐκ
833 1140 886 1182 ἂν
916 1140 1065 1190 ἀδίκως
1090 1140 1341 1196 ἐγκαλεῖσθαι
1365 1138 1508 1181 ἐθέλοι.

140 1210 180 1249 3.
206 1209 257 1250 σὺ
282 1204 321 1249 δ’
344 1207 440 1258 ἴσως
463 1207 686 1262 ἐπενεγκών
710 1223 779 1261 μοι
803 1207 877 1260 τὴν
896 1206 1078 1262 Γοργόνα
1102 1206 1246 1261 μικρὸν
1270 1207 1346 1248 οἴει
1368 1221 1509 1248 πεποι-

142 1273 291 1327 ηκέναι.
334 1280 476 1329 πρᾶττε
502 1267 592 1327 οὖν,
618 1273 727 1323 ὅπως
750 1272 818 1314 καὶ
843 1280 959 1315 τοῦτο
986 1273 1142 1326 εἴσεται,
1167 1273 1227 1314 ὅτι
1253 1285 1316 1314 σοι
1341 1271 1508 1315 ἐπέστει-

139 1343 208 1393 λα,
239 1338 307 1381 καὶ.
337 1340 392 1393 μὴ
424 1338 472 1380 τὰ
504 1339 730 1392 φαυλότερα
765 1339 933 1392 μηνύων
964 1338 1085 1394 ἀργὸς
1109 1338 1205 1396 γένῃ
1230 1338 1321 1394 περὶ
1345 1338 1394 1379 τὰ
1418 1340 1508 1392 βελ-

139 1406 222 1447 τίω.
255 1408 295 1447 4.
308 1404 376 1447 καὶ
401 1404 483 1459 μὴν
506 1404 667 1447 κάκεῖνο
694 1406 795 1458 ἴσθι,
821 1403 876 1455 ὥς
901 1403 926 1458 ἡ
953 1403 1025 1458 μὲν
1050 1403 1253 1458 πυκνότης
1277 1410 1357 1445 τῶν
1380 1420 1506 1459 γραμ-
1528 1415 1562 1443 15

141 1471 278 1525 μάτων
302 1474 464 1520 πολλοῖς
487 1469 540 1512 ἂν
569 1471 794 1524 κωλυθείη,
824 1470 892 1511 καὶ
923 1471 1029 1528 νόσῳ
1058 1469 1127 1511 καὶ
1160 1469 1323 1526 ἀσχολίᾳ
1353 1469 1420 1511 καὶ
1451 1473 1506 1527 τῷ

138 1537 234 1587 τοὺς
259 1536 314 1587 ὡς
338 1537 443 1590 ὑμᾶς
469 1537 604 1587 ἰόντας
629 1537 799 1590 φάσκειν
829 1536 983 1578 ἐθέλειν
1013 1536 1222 1591 γράμματα
1247 1534 1388 1590 φέρειν
1412 1537 1507 1588 μᾶλ-

138 1606 210 1644 λον
235 1601 262 1656 ἢ
295 1602 449 1644 θέλειν·
481 1603 524 1645 τὸ
557 1601 601 1644 δὲ
631 1603 867 1656 μεμνῆσθαί
889 1615 963 1644 σου
993 1601 1061 1643 καὶ
1092 1602 1315 1655 θαυμάζειν
1339 1600 1383 1642 ἐν
1407 1599 1508 1655 ἡμῖν

212 1735 235 1767 4
268 1731 318 1767 V!
339 1729 385 1777 γ’,
411 1729 508 1778 ρᾳβ.
542 1731 598 1768 Va
624 1730 670 1776 ς’,
694 1729 749 1767 θ’.
786 1731 837 1768 Vo
863 1729 910 1775 ς’,
934 1729 977 1766 θ’

333 1808 427 1816 —-—

211 1853 232 1885 2
259 1849 385 1934 cgbop.
407 1853 502 1886 1544
588 1854 609 1886 5
636 1849 755 1887 Seeck
779 1854 861 1887 222.
888 1853 968 1886 830.
1005 1849 1172 1886 Silomon
1197 1853 1244 1886 58
1332 1852 1375 1885 12
1402 1847 1507 1885 Salz-

138 1908 255 1934 mann

214 2020 236 2053 2
260 2023 384 2062 πρᾶος
408 2017 509 2055 Vina
555 2023 692 2055 τοῦτον
715 2017 817 2054 Benz
874 2021 894 2053 8
920 2016 970 2064 μὴ
997 2028 1058 2053 om
1085 2017 1179 2054 VVa
1188 2017 1241 2054 Vo
1298 2019 1319 2052 7
1345 2014 1506 2052 ἐπιστεί-

139 2066 266 2112 λας(1>
291 2065 426 2112 scripsi
452 2076 473 2101 ο
563 2066 631 2102 sed
662 2067 724 2103 ἐπι
759 2077 805 2102 ex
829 2066 907 2102 ἀπο
939 2077 1022 2102 corr
1045 2064 1103 2101 m⁴
1139 2063 1364 2106 ἀποστείλας
1390 2065 1446 2101 Va
1455 2065 1507 2102 Vo

138 2112 271 2159 Wolf!
293 2112 550 2161 ἐπιστείλας-(2)
568 2115 605 2151 V
617 2113 684 2150 aed
702 2114 765 2151 ἐπι
784 2124 830 2150 ex
849 2114 925 2150 ἀπο
952 2124 1036 2149 corr
1059 2113 1116 2149 m⁴
1182 2116 1204 2148 9
1224 2112 1353 2159 ἀλγεῖν
1371 2112 1507 2160 scrip-i

137 2161 181 2197 τὸ
216 2161 346 2208 ἀλγεῖν
371 2162 407 2198 V
435 2161 503 2198 uod
540 2161 584 2199 τὸ
620 2161 719 2198 oblit
762 2159 805 2199 τὸ
830 2164 957 2198 λαλεῖν
984 2162 1039 2198 Va
1048 2162 1100 2198 Vo
1138 2160 1205 2197 sed
1235 2159 1276 2196 in
1308 2160 1380 2197 hoc
1409 2161 1507 2208 ἀγα-

138 2215 293 2246 νακτεῖν
323 2219 439 2256 supra
469 2211 594 2246 λαλεῖν
625 2210 694 2253 m‘,
723 2209 833 2246 Wolf
865 2210 1036 2256 ἐγκαλεῖν
1067 2208 1127 2245 vel
1157 2209 1387 2256 ἀγανακτεῖν
1419 2209 1506 2245 coni

138 2256 194 2293 Re
269 2260 314 2293 10
338 2258 443 2294 τουτὶ
468 2257 605 2305 scripsi
629 2268 650 2294 e
677 2258 713 2295 V
733 2257 800 2294 sed
826 2270 846 2294 ο
872 2269 917 2294 ex
942 2271 968 2293 α
993 2268 1077 2293 corr
1100 2256 1158 2292 ιιι*
1189 2256 1298 2293 ταυτὶ
1326 2256 1377 2293 Vo
1404 2255 1511 2294 Wolf

138 2305 362 2389 ‹33le⁰
377 2304 735 2391 11δίδύζέῗάιὲᾶῆ
748 2316 876 2400 εειξὲζὲ
900 2302 1153 2389 ῗξειιιιξμοῐιῖατὶ
1176 2303 1508 2396 Ἶδωεῗράξτξμέξέ

139 2399 248 2437 Wolf
267 2400 315 2437 cf.
335 2411 392 2447 ep.
417 2404 508 2437 12⁶⁶
590 2405 636 2438 14
659 2402 747 2446 περὶ
772 2401 907 2448 scripsi
933 2411 953 2437 ο
980 2380 1139 2444 ν’πρὸς
1165 2399 1282 2436 VaVo
1307 2398 1417 2436 Wolf

141 2451 185 2484 18
210 2446 234 2494 ἢ
259 2448 374 2486 θύειν
399 2448 436 2485 V
455 2448 522 2484 sod
546 2448 587 2485 in
612 2459 674 2485 m
698 2450 776 2486 fere
804 2451 848 2485 18
874 2448 939 2484 litt
963 2447 1022 2485 ω’
1052 2450 1092 2484 ot
1115 2461 1139 2484 v
1165 2447 1203 2483 in
1237 2448 1275 2484 ελ
1309 2458 1391 2484 corr
1415 2450 1470 2484 m⁴
1497 2456 1504 2496 Ι

137 2495 252 2534 θύειν
277 2495 390 2543 suppl
416 2497 491 2533 Va*
