1806 2964
283 221 372 264 400
868 222 1050 258 LIBANII

283 336 370 381 λαῖς
389 331 554 387 ἡμέραις
571 333 816 385 πεντήκοντα
840 333 943 375 νέων
968 329 1020 386 ἦν
1039 333 1060 376 ὁ
1078 334 1204 388 χορός.
1238 333 1402 388 ἀριστᾶν
1421 333 1463 376 δὲ
1483 334 1558 376 οὐκ
1575 330 1644 388 ἦν,

283 395 368 438 ἀλλ’
390 398 470 439 ἔδει
492 403 633 440 πονεῖν
657 399 713 448 εἰς
736 397 905 453 ἑσπέραν
928 398 995 440 καὶ
1018 398 1263 452 ἐθαυμάζετο
1288 399 1383 453 μετὰ
1406 406 1487 441 τῶν
1512 398 1643 441 ἄλλων

284 463 350 504 καὶ
375 463 418 505 τὸ
442 470 513 516 τῆς
536 465 703 518 γαστρὸς
726 468 892 517 κρατεῖν.
949 467 986 504 7.
1011 460 1109 517 ἧκεν
1136 463 1157 505 ὅ
1182 465 1442 519 Στρατηγιος,
1467 464 1535 506 καὶ
1559 465 1644 507 ἐδε-

284 529 416 581 ξάμην
439 529 508 570 τὸν
533 527 661 583 ἄνδρα
685 529 809 586 λόγῳ,
834 533 960 586 μικρῷ
986 530 1073 583 μέν,
1104 525 1222 579 οὗτος
1245 531 1341 585 γάρ,
1366 527 1496 583 οἶμαι,
1519 543 1643 586 προσ-

246 608 264 634 5
285 601 489 645 φωνοῦντι
512 594 654 648 νόμος,
678 594 845 649 ῥηθέντι
868 594 911 636 δὲ
936 594 1035 636 κατὰ
1059 601 1160 636 νοῦν
1185 595 1291 653 αύτῷ
1312 611 1352 636 τε
1375 595 1443 636 καὶ
1467 599 1549 645 τοῖς
1574 594 1643 636 ἅλ-

284 662 377 708 λοις.
417 658 438 700 ὁ
465 658 507 700 δὲ
532 659 768 714 ἀντίτεχνος,
791 663 898 701 καλῶ
924 659 997 713 μὲν
1020 660 1095 714 γὰρ
1120 660 1244 701 αὐτὸν
1268 659 1290 702 ὃ
1313 660 1381 701 καὶ
1405 661 1526 710 αὐτὸς
1549 660 1643 702 ἑαυ-

283 725 367 777 τόν,
401 724 614 778 ἠπείλησεν
648 725 764 777 ἐρεῖν.
812 725 880 766 καὶ
914 723 1021 767 τοῦτ’
1059 721 1110 778 ἦν
1143 726 1329 776 ἐπίδειξις
1362 725 1388 779 ἡ
1424 726 1643 780 ὑπόσχεσις.

286 792 324 830 8.
350 789 449 830 ἰδὼν
474 789 518 831 δὲ
541 790 636 840 τοὺς
659 789 940 846 παιδαγωγοὺς
966 791 1175 845 ἰσχύοντας
1194 790 1273 833 ἀπὸ
1291 798 1362 832 τοῦ
1381 795 1527 832 πωλεῖν
1550 791 1645 840 τοὺς

285 855 402 904 νέους
434 855 500 896 καὶ
534 857 604 896 τὸν
628 855 672 896 ἐν
702 858 903 909 μουσείοις
937 857 1088 910 κόσμον
1121 856 1350 898 ἀπολωλότα
1383 858 1645 910 συμβουλεύω

230 936 265 961 ιο
290 925 373 970 τοῖς
396 920 569 973 ἐμαυτοῦ
593 922 772 970 πολίταις
801 921 856 974 μὴ
880 928 1003 963 ταῦτα
1031 929 1234 976 περιορᾶν,
1264 918 1349 962 ἀλλ’
1375 921 1648 976 ἀγανακτῆσαί

285 1002 323 1027 τε
348 986 416 1027 καὶ
439 987 626 1028 κωλύσαι.
676 986 745 1028 καὶ
768 985 919 1041 ἐγένετό
944 1002 1003 1036 τις
1036 985 1135 1041 ὀργὴ
1169 986 1268 1027 κατὰ
1292 993 1371 1029 τῶν
1395 985 1645 1028 ἀδικούντων

285 1052 335 1093 οὐ
361 1053 491 1107 μικρά.
530 1051 552 1093 ὅ
577 1050 621 1092 δὲ
646 1051 868 1106 ἀντίτεχνος
892 1051 1041 1105 ἠπείλει
1060 1056 1240 1105 συνερεῖν
1258 1051 1406 1101 αὐτοῖς.
1442 1051 1511 1093 καὶ
1533 1050 1641 1094 τοῦτ’

284 1112 337 1170 ἦν
361 1117 547 1166 ἐπίδειξις
580 1115 607 1170 ἡ
641 1116 861 1171 ὑπόσχεσις.
914 1119 951 1158 9.
977 1121 1132 1174 τελευτᾷ
1163 1117 1364 1170 Ζηνόβιος
1397 1116 1466 1158 καὶ
1499 1116 1645 1174 ἐμονῴ-

286 1184 386 1224 δουν
404 1182 593 1223 ἀπελθὼν
617 1189 689 1223 τοῦ
713 1183 855 1235 τάφου.
892 1181 960 1223 καὶ
985 1182 1128 1237 μικρὸν
1146 1183 1311 1237 ὕστερον
1329 1182 1557 1237 ἕγκωμιάζω
1574 1183 1645 1224 τὸν

233 1261 266 1288 15
286 1249 526 1290 διδάσκαλον
552 1247 778 1304 μακροτέρῳ
810 1248 913 1305 λόγῳ
944 1247 1011 1288 καὶ
1041 1248 1175 1297 ἔδοξεν
1200 1247 1249 1289 ού
1281 1248 1464 1300 φαύλους
1487 1249 1646 1302 κεκομί-

285 1318 384 1355 σθαι
414 1314 599 1367 μισθούς.
644 1312 665 1354 ὁ
691 1313 734 1355 δὲ
765 1313 988 1367 ἀντίτεχνος
1012 1313 1198 1367 ὑπέσχετο
1222 1312 1361 1367 λέξειν,
1391 1311 1444 1366 ἢν
1470 1312 1491 1355 ὁ
1515 1313 1645 1367 πατὴρ

286 1379 392 1437 αύτῷ
414 1378 620 1435 ἀποθάνῃ.
672 1378 694 1419 ὁ
720 1375 757 1420 δ’
787 1379 842 1420 ἔτι
867 1381 924 1436 ζῇ.
974 1379 1126 1420 τούτων
1149 1377 1394 1433 γιγνομένων
1419 1379 1462 1419 οἰ
1489 1379 1646 1432 σφόδρα

338 1500 353 1529 1
383 1494 429 1530 cf.
448 1496 475 1530 t.
495 1494 513 1530 1
528 1497 608 1537 135,
624 1498 666 1529 13
717 1497 738 1528 4
765 1493 812 1529 cf.
833 1504 890 1539 ep.
906 1497 970 1536 36;
989 1494 1016 1529 t.
1036 1493 1053 1528 I
1074 1497 1154 1538 137,
1167 1497 1189 1528 ὃ
1246 1496 1267 1528 6
1286 1492 1446 1529 Aeacius
1466 1492 1510 1529 cf.
1527 1492 1646 1529 Seeck

286 1545 333 1578 40
353 1553 401 1577 an
427 1541 621 1577 Eubulus?
646 1541 693 1577 cf.
714 1543 738 1577 t.
758 1541 776 1577 1
796 1545 878 1585 136,
891 1545 934 1585 23
962 1544 1042 1584 139,
1057 1544 1095 1584 9;
1124 1544 1205 1584 157,
1219 1544 1251 1576 9.
1279 1540 1422 1576 Sievers
1443 1544 1487 1576 69
1507 1542 1584 1588 nct.
1599 1545 1643 1576 41

285 1592 326 1625 et
349 1602 385 1635 p.
409 1593 450 1625 τι
483 1591 558 1625 not.
579 1593 621 1624 ει
694 1592 738 1624 13
758 1588 806 1625 cf.
833 1590 858 1624 t.
878 1589 894 1623 1
919 1592 1074 1633 134,14;
1095 1592 1176 1632 289,
1197 1591 1240 1623 17

359 1711 380 1743 2
406 1708 471 1744 καὶ
495 1707 636 1743 inserui
656 1718 677 1743 e
704 1707 896 1743 VVaVoS
931 1718 991 1742 om
1018 1707 1164 1743 VindD
1190 1706 1264 1743 edd
1303 1708 1309 1752 Ι
1349 1705 1390 1742 δὲ
1417 1708 1504 1752 post
1528 1705 1646 1742 ἐθαυ-

286 1754 419 1795 viem
458 1756 608 1792 VimiD
639 1755 713 1791 edd
756 1754 879 1791 delevi
964 1758 985 1789 3
1011 1755 1076 1790 καὶ
1100 1754 1202 1790 inser
1227 1755 1327 1790 Vind
1373 1766 1433 1790 om
1458 1754 1499 1790 D
1526 1753 1644 1790 Lamb

287 1803 383 1839 Rich
405 1804 412 1848 Ι
432 1801 638 1848 κρατείνων
663 1803 711 1839 Vi
754 1804 760 1848 Ι
794 1801 1026 1848 Στρατήγιος
1055 1801 1187 1848 scripsi
1213 1811 1233 1837 e
1258 1802 1287 1838 S
1300 1802 1346 1838 Vs·
1374 1813 1460 1837 cum
1491 1801 1645 1838 Seeckio

289 1854 358 1887 283
393 1850 597 1897 στρατηγός
622 1851 716 1887 VVa
725 1851 776 1887 Vo
786 1850 932 1886 VindD
959 1849 1067 1885 Wolf
1087 1849 1142 1884 Re
1176 1847 1394 1895 Στρατηγός
1412 1849 1530 1884 Lamb
1549 1848 1644 1884 Rich

359 1903 382 1934 4
408 1895 511 1944 οἶμαι
536 1898 638 1934 inser
662 1898 711 1934 V*
810 1901 828 1931 7
854 1895 1050 1943 ἠπείλησεν
1083 1897 1181 1942 ἐρεῖν
1199 1898 1234 1933 V
1261 1896 1327 1932 sed
1359 1898 1458 1941 ἐρεῖν
1489 1907 1534 1932 ex
1565 1896 1646 1940 ἔριν

288 1957 371 1982 corr
395 1946 451 1981 m⁴
476 1947 516 1981 ot
539 1957 629 1992 ησεν
653 1945 694 1980 in
718 1955 780 1980 ras
806 1945 862 1980 m*
888 1946 895 1990 Ι
921 1950 1030 1980 τοῦτο
1058 1945 1173 1980 VaVo
1246 1947 1267 1980 8
1293 1943 1335 1980 δὲ
1363 1945 1398 1981 V
1419 1943 1484 1980 ssd
1510 1957 1526 1980 ε
1551 1955 1597 1979 ox
1622 1957 1644 1989 η

288 2005 371 2029 corr
394 1993 451 2029 111⁶
489 1992 536 2039 δὴ
564 1994 620 2030 Va
631 1992 821 2029 VoSVind
902 1995 923 2028 9
949 1992 1186 2039 συμβουλεύω
1210 2012 1257 2019 —
1283 1995 1326 2027 11
1353 1991 1513 2028 κωλύσαι
1539 2001 1646 2037 prae-

288 2041 412 2077 missis
437 2041 562 2076 verbis
584 2045 749 2085 περιορῶ
775 2038 912 2085 ὁμοίως
937 2040 1142 2086 αἰτιατικῇ,
1174 2039 1224 2081 ὡς
1254 2039 1318 2075 καὶ
1343 2039 1527 2086 Λιβάνιος
1551 2037 1647 2074 citat

289 2089 508 2135 Lacapenus
528 2088 574 2123 de
594 2089 729 2124 constr.
749 2087 850 2123 verb.
869 2087 928 2123 ed.
943 2087 1133 2123 Hermann
1152 2086 1207 2122 De
1226 2087 1371 2122 emend.
1397 2088 1468 2123 rat.
1487 2097 1644 2133 gramm.

289 2149 326 2182 p.
346 2140 428 2180 384,
442 2140 487 2171 26
592 2140 634 2171 11
660 2147 700 2171 τε
724 2135 866 2171 inserui
885 2145 906 2170 c
927 2135 962 2171 V
981 2135 1047 2171 sed
1072 2135 1174 2170 inser
1196 2134 1264 2179 ω’,
1289 2134 1484 2171 SViVind
1515 2133 1581 2169 sod
1606 2133 1645 2169 in

289 2185 360 2219 hoc
384 2184 485 2219 inser
539 2194 600 2219 om
626 2183 789 2220 VaVoD
814 2182 889 2218 edd
954 2184 1119 2218 κωλῦσαι
1144 2181 1334 2218 VVaSVi
1358 2181 1518 2218 fortasse
1544 2182 1645 2216 recte

289 2234 331 2271 at
350 2231 396 2267 cf.
411 2231 461 2267 ad
481 2241 539 2277 ep.
554 2234 610 2266 99.
632 2234 701 2266 715
770 2233 814 2265 12
839 2230 1012 2276 ἠπειλησε
1039 2231 1085 2267 Vi
1105 2232 1111 2276 Ι
1133 2229 1232 2273 ἐρεῖν
1250 2228 1367 2265 Lsmb
1392 2228 1489 2265 Rich
1510 2228 1516 2276 Ι
1536 2233 1646 2264 τοῦτο

298 2280 352 2316 Va
362 2279 412 2315 Vo
510 2283 554 2314 14
579 2278 644 2313 καὶ
669 2278 770 2313 inser
795 2277 843 2314 V⁴
930 2281 973 2312 15
1005 2277 1070 2313 καὶ
1089 2298 1134 2304 —
1156 2280 1201 2312 16
1235 2276 1395 2322 μισθούς
1429 2275 1645 2322 praemissis

288 2326 410 2362 verbis
435 2324 682 2371 κομίζομαι
716 2326 762 2362 οὔ
787 2322 906 2370 μόνον
929 2322 972 2361 τὸ
998 2323 1172 2371 φέρομαι,
1197 2323 1290 2360 ἀλλὰ
1314 2324 1379 2360 καὶ
1409 2324 1452 2359 τὸ
1478 2324 1644 2369 ἀπολαμ-

289 2374 404 2422 βάνω.
442 2373 624 2421 Λιβάνιος
660 2374 701 2409 ἐν
738 2374 910 2419 ἐπιστολῇ
941 2371 1034 2408 citat
1059 2372 1222 2407 Thomas
1255 2371 1357 2418 Mag.
1384 2383 1412 2407 s.
1440 2383 1474 2406 v.
1500 2369 1644 2417 κομίζο-

288 2435 357 2467 μαι
380 2434 415 2467 p.
437 2425 518 2465 217,
536 2424 580 2456 10
615 2420 649 2455 R
757 2424 799 2456 17
836 2420 953 2455 αὐτοῦ
987 2419 1105 2455 Lamb
1140 2419 1236 2455 Rich
1283 2419 1287 2466 ξ
1339 2417 1545 2465 γινομένων
1570 2418 1607 2454 V
1636 2422 1639 2440 ³

289 2466 429 2514 σφόδρ’
459 2470 507 2504 Vi
