1806 2964
607 228 879 266 EP1STULA113
905 231 1098 264 216-217
1458 226 1545 269 199

166 342 266 397 ἡμῖν
297 341 464 391 οὐδενὸς
495 342 668 388 εἴσονται
699 338 755 382 δι’
782 339 832 383 ὃν
863 341 913 383 ού
935 332 1130 397 ’γίγνεται
1173 347 1293 383 τοῦτο
1325 339 1368 382 δὲ
1400 339 1463 381 σοὶ
1495 339 1544 380 οὐ

167 409 302 451 καλόν.
347 411 387 450 3.
413 411 542 461 φιλεῖς
566 407 642 461 τὴν
671 409 882 461 Φοινίκην.
920 405 1012 450 οἶδα
1036 407 1103 449 καὶ
1122 407 1241 457 αὐτὸς
1259 406 1328 448 καὶ
1347 402 1424 460 μετ’
1446 405 1544 460 ἐμοῦ

167 482 285 518 τοῦτο
311 471 395 517 οἶδε
426 481 477 530 γῆ
503 490 543 516 τε
568 473 636 515 καὶ
661 474 851 516 θάλαττα.
887 473 985 516 ἀλλὰ
1010 474 1078 516 καὶ
1101 481 1219 516 τοῦτο
1244 474 1326 515 ἔστι
1349 479 1421 526 τῆς
1448 475 1545 514 Φοι-

167 543 286 595 νίκης
311 540 480 596 ἐρῶντος
505 539 576 582 ἐᾶν
600 539 705 594 ἡμᾶς
730 535 775 582 εὖ
800 545 931 583 ποιεῖν
954 542 1198 595 τηλικαύτην
1217 541 1347 582 πόλιν.
1377 538 1445 581 καὶ
1463 539 1546 593 ἅμα

170 608 225 661 ἢν
249 624 287 650 τι
310 607 550 662 θαυμαστὸν
574 607 813 662 ἐργάζωνται
837 608 963 665 σοφίᾳ
993 613 1231 663 κρατοῦντες
1254 606 1329 660 τὴν
1352 613 1434 647 τῶν
1463 610 1545 659 θη-
1583 618 1600 646 5

170 676 270 730 ρίων
301 675 449 728 φύσιν,
482 672 504 715 ὁ
530 674 680 727 θεατὴς
705 673 749 715 ἐν
773 681 821 732 τῇ
846 681 918 716 τοῦ
944 673 1062 729 ἔργου
1087 672 1217 731 ἡδονῇ
1243 673 1317 726 τὴν
1346 674 1546 727 Φοινίκην

168 740 423 783 ἐπαινέσεται.
475 743 514 782 4.
547 740 601 794 μὴ
627 741 768 781 τοίνυν
792 736 894 794 μήθ’
919 738 1025 794 ἡμᾶς
1049 740 1243 797 ἀτιμάσῃς
1274 736 1366 794 μήτ’
1386 738 1546 793 ἐκείνην

168 807 364 865 ἀδικήσῃς
380 806 483 862 μηδέ
499 823 543 862 γε
563 806 745 865 ἁρπάσῃς
764 808 970 862 πρόφασιν
989 806 1069 849 ἀπὸ
1088 813 1168 848 τῶν
1182 806 1400 848 Μοδὲστου
1418 822 1544 861 γραμ-

168 875 305 928 μάτιον
329 874 386 923 εἰς
412 874 455 915 τὸ
481 873 536 927 μὴ
563 874 707 915 δοῦναι
731 874 806 927 τὴν
831 874 959 929 χάριν,
983 874 1031 914 τὰ
1056 872 1130 927 μὲν
1153 872 1229 927 γὰρ
1253 872 1342 914 ἔθει
1364 872 1443 914 τινὶ
1467 888 1544 914 πα-

168 945 266 999 λαιῷ
291 940 539 994 κεκόμισται,
563 944 799 996 θαρροῦμεν
819 939 862 982 δὲ
883 940 958 982 οὐκ
981 939 1160 991 ἐκείνοις,
1185 938 1284 980 ἀλλὰ
1307 943 1360 996 τῷ
1381 938 1424 980 σὲ
1449 939 1543 993 βού-
1564 951 1598 977 ιο

168 1011 312 1049 λεσθαι
341 1006 417 1060 τὴν
448 1004 642 1062 ἡμετέραν
671 1007 805 1048 οἰκίαν
829 1007 874 1049 ἐν
899 1007 1066 1060 σχήματι
1091 1007 1324 1060 φαίνεσθαι.
1360 1005 1428 1047 καὶ
1452 1011 1545 1060 νῦν,

167 1074 205 1115 εἰ
226 1073 335 1128 παρὰ
366 1079 442 1115 σοῦ
466 1077 706 1126 πεμφθεῖεν,
731 1073 866 1123 οὐδεὶς
889 1073 966 1128 πρὸ
991 1079 1063 1114 τοῦ
1088 1071 1325 1126 πέμψαντος
1350 1073 1456 1122 δόξει
1485 1073 1544 1113 δε-

169 1139 340 1182 δωκέναι
370 1139 444 1193 τὴν
475 1139 601 1195 χάριν.
644 1142 682 1181 5.
715 1139 794 1181 ἔδει
826 1139 899 1193 μὲν
929 1134 1005 1181 οὖν
1035 1140 1233 1193 περιεῖναί
1259 1154 1299 1180 τε
1330 1139 1400 1181 τὸν
1428 1142 1545 1180 θεῖον

168 1204 267 1260 ἡμῖν
296 1206 365 1248 καὶ
389 1212 468 1247 νῦν
494 1202 590 1259 μεθ’
614 1204 731 1259 ἡμῶν
755 1205 992 1247 ἐπιστέλλειν
1019 1204 1046 1259 ἢ
1072 1205 1199 1259 μόνον
1223 1221 1268 1261 γε
1293 1204 1545 1258 ἐπιστέλλειν,

169 1272 320 1327 ἀπέχρη
350 1272 427 1328 γὰρ
460 1271 512 1314 ἂν
535 1272 603 1314 καὶ
634 1271 756 1314 οὐδὲν
786 1271 838 1314 ἂν
862 1268 915 1327 ἦν
940 1272 964 1314 ’ὅ
987 1288 1025 1313 τι
1050 1272 1126 1314 οὐκ
1150 1271 1202 1313 ἂν
1226 1272 1412 1327 ἔπραττες
1426 1283 1434 1292 ·
1459 1270 1544 1313 ἐπεὶ
1581 1280 1617 1307 1⁶

169 1338 212 1381 δὲ
242 1339 447 1393 ἀπῆλθεν,
477 1338 663 1392 ἐνθυμοῦ
694 1339 794 1393 πρὸς
820 1339 969 1381 σαυτὸν
1001 1338 1062 1380 ὅτι
1090 1339 1262 1394 γράφειν
1294 1337 1366 1392 μὲν
1391 1337 1468 1379 οὐκ
1492 1336 1544 1379 ἅν

168 1421 227 1455 τις
251 1404 476 1447 ἀποθανὼν
501 1406 679 1459 δύναιτο,
704 1406 856 1460 χαίρειν
881 1401 919 1446 δ’
942 1403 995 1446 ἂν
1018 1405 1087 1446 καὶ
1110 1404 1344 1458 τελευτήσας
1366 1404 1542 1449 δύναιτο.

167 1472 242 1526 τὴν
254 1471 329 1526 γὰρ
342 1478 422 1512 τῶν
435 1478 614 1526 ποιητῶν
625 1470 715 1526 περὶ
728 1478 808 1513 τῶν
820 1472 985 1513 τοιῶνδε
996 1472 1118 1522 δόξαν
1131 1470 1346 1513 ἐπίστασαι.
1363 1473 1400 1512 6.
1415 1470 1543 1525 πέμπε

169 1538 220 1591 δὴ
239 1538 335 1587 τοὺς
355 1537 508 1594 ἄνδρας
526 1538 598 1579 καί
612 1554 672 1588 τις
690 1537 789 1579 ἔστω
807 1537 917 1593 παρὰ
935 1537 999 1579 σοὶ
1017 1538 1135 1593 λόγος
1152 1543 1232 1579 τῶν
1250 1538 1458 1580 Διονύσου
1476 1537 1544 1579 καὶ

167 1605 403 1660 Κορωνίδος
428 1603 678 1660 θυγατέρων.
710 1603 779 1647 καὶ
803 1602 830 1644 ἃ
855 1603 928 1657 μὲν
953 1604 1029 1646 οὐκ
1053 1602 1168 1654 ἄξιον
1194 1604 1373 1659 διδόναι,
1398 1604 1544 1646 δοῦναι
1562 1610 1599 1638 ²⁰

167 1671 310 1719 κακίας
355 1670 399 1712 τὸ
425 1669 469 1712 δὲ
494 1671 595 1720 ὅλως
619 1669 800 1725 ἐκβαλεῖν
825 1670 894 1720 τὰς
919 1670 1096 1725 Χάριτας
1121 1670 1194 1725 οὐχ
1213 1666 1464 1725 Ἑλληνικόν.

240 1777 263 1811 8
290 1774 409 1811 Seeck
434 1778 505 1811 218
580 1778 625 1811 13
651 1774 1175 1823 Phasganium.cf.Siev01-s
1200 1778 1233 1812 6.
1260 1774 1381 1811 Seeck
1405 1778 1540 1822 234sq

218 1826 262 1859 1⁷
272 1823 318 1859 of.
332 1834 390 1870 op
399 1823 564 1860 2201.16
623 1827 666 1859 19
676 1823 801 1860 Noun.
812 1823 922 1860 Dion.
936 1823 1098 1870 XLVIII,
1113 1826 1201 1869 666,
1221 1822 1291 1859 XV
1302 1826 1365 1867 91ς
1384 1787 1541 1860 XXXIII

170 1874 226 1907 11.
246 1875 304 1907 22.
324 1874 381 1907 48.
408 1871 534 1918 Apoll.
554 1871 644 1919 Arg.
664 1871 715 1908 IV
733 1875 806 1908 424
832 1871 880 1908 cf.
900 1882 958 1919 ep.
979 1875 1049 1908 962
1125 1875 1169 1908 21
1197 1871 1245 1908 of.
1266 1881 1324 1918 ep.
1345 1874 1416 1908 221

243 1970 266 2002 3
292 1964 398 2004 οἶδεν
425 1968 480 2004 Va
501 1969 508 2011 Ι
528 1980 568 2004 τε
594 1979 656 2004 om
683 1968 739 2005 Va
760 1970 766 2014 Ι
793 1968 860 2005 καὶ
884 1967 1028 2004 inserui
1052 1978 1073 2004 e
1099 1968 1158 2005 Va
1195 1978 1258 2004 om
1283 1968 1376 2006 VVo
1399 1967 1509 2004 Wolf
1530 1969 1539 2025 j

170 2016 273 2052 ἐστιν
297 2015 355 2052 Va
376 2017 382 2062 Ι
402 2021 470 2052 τοῦ
493 2014 675 2062 Φοινίκην
695 2016 855 2061 ἐρῶντος
872 2016 953 2061 ἐᾶν,
972 2015 1042 2053 ἐὰν
1060 2016 1146 2052 coni
1165 2016 1221 2052 Ro
1270 2019 1294 2052 4
1318 2017 1388 2053 ἐᾶν
1407 2016 1542 2074 scripu

169 2062 238 2100 ἐὰν
260 2063 351 2100 libri
375 2063 486 2100 Wolf
514 2065 520 2111 Ι
555 2070 683 2101 ποιεῖν
707 2064 842 2112 scripsi
867 2070 958 2112 ποιῇ
983 2063 1073 2100 libri
1101 2063 1207 2101 Wolf
1228 2063 1295 2110 qui
1319 2070 1439 2121 ποιῇς
1455 2064 1542 2101 coni

221 2115 243 2148 6
267 2106 317 2156 ἦν
340 2109 378 2148 τί
403 2113 462 2149 Va
509 2115 583 2159 8μ
583 2112 679 2158 ἠδέ
699 2112 790 2149 libri
810 2116 817 2159 Ι
837 2118 913 2149 τῶν
937 2112 1089 2160 reposui
1108 2123 1128 2148 o
1153 2112 1264 2149 libris
1288 2114 1333 2149 ut
1356 2113 1442 2150 coni
1460 2113 1518 2150 Re

168 2164 236 2195 τοῦ
260 2159 371 2196 Wolf
441 2163 486 2196 10
511 2172 557 2197 συ
558 2160 792 2208 μβούλεσθαι
817 2161 875 2198 Va
898 2161 966 2197 sed
991 2172 1063 2207 συμ
1087 2171 1172 2197 orn
1247 2164 1291 2197 12
1317 2159 1410 2208 δόξη
1437 2162 1495 2198 Va

171 2211 216 2244 14
242 2210 425 2254 μεθημῶν
450 2209 508 2246 Va
602 2212 646 2245 15
673 2206 730 2245 ὅτι
761 2208 852 2246 libri
877 2208 987 2245 Wolf
1027 2174 1063 2256 Ιμ
1079 2209 1150 2246 οὐκ
1175 2206 1225 2246 ἂν
1252 2209 1289 2245 V
1307 2209 1375 2245 aed
1399 2223 1423 2245 κ
1448 2210 1475 2246 ἀ
1500 2209 1542 2246 in

169 2266 232 2292 ru
261 2255 320 2292 ιιι*
363 2255 479 2296 οὐδὲν
512 2257 564 2294 Vo
638 2260 683 2295 18
716 2256 840 2303 πέμπε
867 2258 904 2294 V
929 2257 996 2293 sod
1054 2258 1115 2294 ost
1148 2259 1249 2304 ε(2)·
1256 2267 1318 2294 m
1351 2261 1370 2293 1
1402 2257 1470 2294 litt

172 2306 218 2340 1⁹
241 2309 318 2340 τῶν
342 2304 476 2352 scripsi
501 2305 657 2342 auctore
674 2305 731 2341 Re
767 2311 836 2342 τοῦ
853 2304 944 2342 libri
964 2305 1035 2341 Wo
1117 2308 1164 2341 20
1189 2305 1388 2351 Κύπριδος
1404 2305 1541 2343 Boivin

219 2355 265 2388 21
292 2351 463 2401 ἐκβαλεῖν
488 2354 542 2390 Vo
566 2353 635 2390 sod
658 2366 682 2389 κ
707 2364 728 2390 ο
747 2366 774 2399 μ
798 2364 882 2390 oon·
904 2353 963 2389 m*
