1806 2964
647 209 920 247 EPISTULAE
945 213 1089 247 εις-59
1229 190 1232 193 ’
1510 208 1571 252 55

839 374 916 427 νη’.
1523 379 1571 414 W
1598 384 1643 416 56

681 457 930 515 Μοδέστῳ.
964 463 1071 506 (359)

250 549 284 587 1.
307 541 425 598 Ἐμοὶ
461 552 542 595 πᾶς
572 543 673 600 ὑπὲρ
705 550 781 585 σοῦ
813 544 939 593 πόνος
970 541 1085 597 ἡδύς.
1128 545 1196 585 καὶ
1227 542 1302 599 γὰρ
1340 541 1392 583 ἂν
1427 542 1571 597 μικρὸν

184 611 286 667 ὑπὲρ
312 607 362 654 οὗ
388 618 594 665 πονοῦμεν
619 603 661 670 ᾖ,
686 611 730 652 τό
754 627 798 666 γε
823 609 924 665 ὑπὲρ
950 617 1025 652 σοῦ
1049 614 1192 652 πονεῖν
1215 609 1369 664 καρπὸς
1394 608 1494 664 ἐμοί.
1519 609 1570 651 σὺ

187 678 322 734 μέντοι
352 679 421 720 καὶ
457 679 653 734 μεγάλους
689 677 757 719 καὶ
788 676 890 734 ὑπὲρ
922 678 1104 733 μεγάλων
1133 676 1347 731 ὑπομένεις
1376 676 1472 726 τοὺς
1495 676 1571 717 πό-
1609 688 1625 714 5

186 762 285 796 νους
309 748 477 800 βαρεῖαν
498 744 571 799 μὲν
596 745 724 793 οὕτως
756 743 900 786 ἀκτῖνα
931 751 1123 786 τοσοῦτον
1148 743 1386 799 ἀνεχόμενος
1409 741 1570 797 χρόνον,

187 811 424 868 περιτρέχων
451 811 494 854 δὲ
513 811 599 853 ἅνω
623 811 691 853 καὶ
715 812 836 864 κάτω,
861 813 1035 866 βουλαῖς
1054 810 1097 853 δὲ
1115 811 1211 867 ἔργα
1229 810 1476 866 προστιθείς,
1503 809 1570 850 διὰ

189 879 234 921 δὲ
258 879 412 921 τούτων
436 886 547 933 κῦμα
571 878 769 934 ἀνείργων
795 879 931 920 δεινὸν
956 878 1167 920 ἐπικλύσαι
1191 878 1267 932 τὴν
1291 883 1382 932 γῆν.
1416 880 1454 917 2.
1481 873 1565 918 ἀλλ’

186 946 284 1004 ὁρᾷς
318 945 374 995 ὡς
405 945 627 988 ὑπονοστεῖ
645 945 718 1000 μὲν
744 945 791 987 τὰ
817 947 956 1000 χείρω,
989 945 1170 998 πρόσεισι
1195 943 1239 986 δὲ
1263 944 1311 985 τὰ
1337 944 1476 998 βελτίω
1501 943 1570 983 καὶ

187 1014 230 1055 τὸ
255 1018 561 1067 στεφανοῦσθαι
585 1013 656 1054 τὸν
681 1012 869 1066 ἀθλητὴν
893 1013 1074 1066 πλησίον.
1591 1024 1625 1050 ιο

834 1180 917 1225 νθ’.
1519 1189 1569 1224 W
1597 1191 1640 1223 5⁷

691 1265 907 1326 Ἀκακίῳ.
942 1274 1048 1316 (359)

249 1358 286 1395 1.
314 1355 449 1408 Καινή
476 1370 519 1410 γε
545 1353 570 1408 ἡ
604 1355 733 1409 κλοπὴ
765 1354 1009 1410 προειπόντα
1041 1350 1090 1396 οὗ
1122 1370 1181 1404 τις
1211 1353 1478 1409 ὑφαιρήσεται
1510 1353 1569 1394 ὅτι

186 1420 339 1475 κλέψει,
365 1420 497 1462 ἔπειτα
523 1421 732 1477 ἐπιχειρεῖν
756 1428 804 1479 τῇ
830 1425 977 1478 κλοπῇ·
1011 1421 1061 1463 σὺ
1095 1420 1138 1463 δὲ
1169 1420 1357 1475 ἁρπάζων
1383 1426 1570 1475 φανερῶς

187 1486 367 1528 κλέπτειν
398 1486 541 1543 λέγεις,
567 1489 679 1538 ὅπως
709 1501 772 1531 σοι
804 1489 846 1531 τὸ
879 1488 1059 1542 ἀδίκημα
1091 1487 1146 1542 μὴ
1181 1489 1281 1546 δοκῇ
1312 1486 1569 1543 τυραννικόν,
1590 1500 1624 1526 15

190 1561 367 1612 κοινωνῇ
407 1554 451 1596 δέ
482 1571 591 1605 τινος
622 1555 841 1610 εὐλαβείας.
901 1559 939 1597 2.
972 1554 1047 1611 ἐγὼ
1086 1553 1129 1596 δὲ
1163 1554 1352 1596 Τιτιανὸν
1389 1553 1462 1608 οὐχ
1499 1548 1569 1607 ἧτ-

191 1636 262 1662 τον
287 1620 361 1675 μὲν
379 1620 490 1675 (ἂν)
515 1620 645 1675 ’ἡδέως
664 1627 845 1677 κατεῖχον
863 1621 891 1677 ἢ
917 1623 968 1664 σὺ
992 1626 1145 1672 καλεῖς·
1166 1620 1391 1674 ἀποπέμπω
1418 1618 1456 1661 δ’
1480 1615 1569 1674 οὖν,

261 1779 278 1811 1
315 1776 368 1815 Vt
389 1776 439 1821 α’,
465 1776 541 1812 λθ’.
563 1777 615 1813 Vo
635 1775 685 1822 α’,
710 1778 772 1823 μδ.
798 1777 827 1813 S
851 1775 897 1823 γ’,
922 1776 999 1823 κη’.
1022 1777 1070 1812 Vs·
1087 1776 1173 1821 ρλε’.
1196 1776 1295 1812 Vind
1320 1775 1458 1822 ρξη’.Β
1482 1774 1567 1823 (aff.

193 1835 239 1870 pr
315 1828 357 1860 11
393 1825 443 1863 V!
468 1839 506 1869 α,
532 1824 580 1870 μ’.
609 1826 663 1862 Vo
688 1839 725 1870 α,
751 1826 820 1871 με’.
847 1825 877 1862 S
899 1823 940 1869 ε’,
968 1824 1030 1861 ιδ’.
1056 1836 1103 1871 pr

257 1972 279 2004 2
307 1969 429 2005 Seeck
455 1974 537 2007 214.
565 1974 646 2007 3⁶6.
674 1969 843 2007 Silomon
869 1975 915 2006 25
997 1974 1018 2006 9
1045 1970 1162 2006 Thuc.
1183 1970 1235 2006 111
1255 1973 1346 2015 89‚2
1425 1974 1468 2007 12
1490 1970 1567 2006 Sie-

189 2029 271 2053 vers
297 2021 378 2054 277.
420 2017 541 2055 Seeck
565 2022 623 2054 43.
651 2022 684 2056 8.
707 2023 789 2055 356.
829 2018 998 2055 Silomon
1024 2022 1070 2055 2⁶
1147 2023 1192 2056 16
1218 2019 1337 2055 Seeck
1363 2022 1410 2055 48

261 2172 281 2204 2
307 2172 359 2217 τῷ
385 2170 489 2220 αὐτῷ
509 2170 548 2217 (i.
568 2182 598 2207 e.
621 2170 822 2221 Μοδέστῳ)
847 2171 877 2208 S
904 2172 943 2218 (i.
964 2182 994 2209 e.
1016 2169 1183 2220 Ἄκακίφ)
1205 2172 1251 2208 Vs·
1340 2174 1363 2206 4
1387 2169 1431 2208 τὸ
1449 2171 1482 2206 V
1501 2171 1567 2207 sed

191 2229 234 2263 γε
259 2217 335 2252 add
360 2218 419 2253 ιη’
445 2220 451 2266 Ι
479 2219 554 2256 ὑπὸ
580 2219 611 2256 S
629 2221 636 2265 1
657 2217 811 2266 ἥδιστος
835 2222 905 2257 aut
928 2219 1100 2267 μέγιστος
1123 2221 1212 2266 post
1230 2218 1378 2265 καρπὸς
1399 2219 1567 2256 inseren—

191 2265 282 2301 dum
308 2265 395 2302 coni
420 2266 475 2303 Re
561 2271 584 2303 δ
602 2267 727 2314 καὶ(2)
746 2279 808 2304 om
829 2270 876 2305 Vi
964 2272 983 2304 ’1
1005 2267 1049 2305 δὲ
1067 2269 1135 2316 (1)]
1160 2281 1201 2305 τε
1222 2269 1276 2306 Vo
1286 2267 1396 2304 Wolf
1413 2270 1420 2315 Ι
1442 2269 1485 2305 δὲ
1499 2268 1566 2316 (2)]

190 2326 230 2350 τε
254 2312 365 2350 Wolf
406 2317 411 2360 Ι
451 2328 480 2351 π
504 2314 652 2358 οτιθείς
680 2317 735 2354 Vo
832 2321 854 2353 8
879 2319 1079 2355 ἐπικλῦσαι
1105 2317 1173 2354 VS
1195 2316 1305 2354 Wolf
1352 2317 1358 2366 Ι
1409 2316 1480 2363 τὴν
1505 2328 1567 2353 om

205 2361 300 2398 Vina
380 2366 425 2399 18
458 2377 478 2400 ο
534 2378 592 2407 τις
625 2364 778 2411 reposui
820 2376 841 2402 e
872 2365 981 2402 libris
1013 2365 1082 2402 sed
1112 2363 1158 2402 οὗ
1195 2365 1236 2402 in
1277 2365 1319 2407 ὅς
1355 2376 1440 2402 corr
1464 2365 1521 2403 V*
1546 2365 1570 2402 3

190 2423 247 2452 τις
271 2410 347 2446 edd
375 2417 466 2458 „aut
490 2411 531 2448 εἴ
549 2425 609 2456 τις
632 2414 698 2461 leq.
725 2418 795 2451 aut
819 2413 899 2457 ὅτις
923 2419 991 2451 aut
1021 2411 1067 2451 οὗ
1092 2417 1171 2457 τις“
1199 2414 1254 2450 Re
1286 2413 1334 2450 ef.
1359 2416 1388 2451 t.
1403 2414 1455 2450 111
1475 2418 1566 2459 25‚5

237 2462 281 2495 16
307 2466 507 2497 κοινωνεῖν
541 2461 607 2498 VS
682 2465 724 2497 17
751 2460 803 2499 ἂν
826 2462 970 2500 inserui
1026 2474 1089 2499 om
1113 2462 1204 2499 libri
1229 2462 1304 2499 edd
1325 2465 1331 2510 Ι
1354 2462 1567 2509 ἀποπέμπω

200 2507 250 2543 Vo
275 2507 342 2543 ned
367 2522 396 2544 ω
423 2519 470 2545 ex
495 2523 548 2545 ων
574 2521 658 2546 corr
682 2510 739 2545 m’
