1806 2964
626 235 898 273 EP1STULAE
925 239 1117 273 247-249
1222 224 1224 226 ’
1475 230 1563 275 235

178 364 219 390 τε
248 347 348 407 ἄλλῃ
380 348 448 391 καὶ
486 347 597 402 χιλὸν
635 349 685 391 οὐ
718 348 856 398 διδοὺς
882 347 1059 404 ἐγκαλῶν
1091 347 1242 401 αὐτοῖς,
1269 347 1330 388 ὅτι
1355 340 1461 399 ἦσαν
1487 344 1563 385 Αἰ-

179 416 291 458 νείου
323 415 527 470 πρότερον.
565 410 644 456 ἀλλ’
673 411 783 457 εἶπεν
807 414 860 456 ἂν
892 414 913 457 ὁ
945 415 1067 466 Ζεύς,
1100 406 1134 472 ᾦ
1163 420 1244 455 τῶν
1276 413 1413 454 ἵππων
1441 410 1563 464 ἔμελε,

179 481 246 523 καὶ
276 482 352 537 γὰρ
384 481 505 530 αὐτὸς
536 480 720 523 ἐδεδώκει
750 481 794 524 τὸ
825 480 959 536 γένος,
992 481 1051 523 ὅτι
1083 477 1114 522 ὦ
1145 485 1238 522 παῖ
1261 477 1477 531 Τυδέως,
1509 476 1563 517 τὰ

179 555 360 591 σαυτοῦ
392 547 638 603 φθείρεις,
669 546 728 602 ἣν
758 549 941 590 τούτων
974 546 1169 604 ἀμελῇς,
1202 548 1250 588 οἳ
1279 545 1358 587 σοί
1388 542 1434 585 τέ
1465 543 1559 584 εἰσι

179 613 258 656 καὶ
283 613 331 657 σὲ
356 613 562 670 φέρουσι
586 613 666 656 καὶ
691 619 990 667 στεφανοῦσι
1015 620 1266 664 νικῶντες,
1288 607 1380 653 ἀλλ’
1403 608 1459 651 οὐ
1479 609 1561 651 τὸν
1598 625 1614 652 ⁵

175 677 410 736 Ἀγχίσου.

814 775 923 830 suff.
1485 778 1533 813 W
1561 781 1633 813 252

637 862 897 918 Καισαρίᾳ).
931 869 1104 916 (358s59)

245 950 284 987 1.
312 946 417 995 Τοὺς
442 946 794 1000 Λακεδαιμονίους
819 946 1038 1000 μεμίμηται
1060 957 1134 987 σου
1159 944 1206 986 τὰ
1231 944 1454 1000 γράμματα.
1491 941 1558 983 καὶ

177 1011 253 1067 γὰρ
283 1011 432 1053 ἐκεῖνοί
460 1026 500 1053 τε
532 1011 627 1065 μετὰ
658 1012 702 1054 τὸ
735 1012 852 1067 ἔργον
883 1007 986 1065 ἧκον
1017 1012 1074 1061 εἰς
1102 1014 1351 1067 Μαραθῶνα
1381 1011 1555 1063 βοηθεῖν
1576 1021 1609 1046 ιο

179 1077 407 1133 ἐγνωκότες,
433 1077 512 1119 ἔδει
538 1077 580 1120 δὲ
606 1077 726 1120 οὐδὲν
751 1078 807 1120 ἔτι
831 1079 1042 1133 βοηθείας,
1066 1079 1182 1119 ταυτί
1203 1093 1242 1119 τε
1268 1080 1494 1131 παρακαλεῖ
1513 1090 1558 1129 με

184 1144 285 1199 πρὸς
315 1143 540 1198 ἐπιμέλειαν
570 1151 650 1185 τῶν
681 1152 764 1186 σῶν
789 1144 928 1197 υἱέων,
962 1141 1022 1195 οἷς
1046 1144 1127 1186 ἐστι
1151 1140 1241 1199 παρ’
1263 1142 1360 1197 ’ἡμῖν
1387 1143 1558 1196 δύναμις

182 1209 330 1265 ἑτέροις
352 1210 401 1251 τὰ
425 1217 588 1252 τοιαῦτα
612 1210 808 1266 παρέχειν.
848 1214 886 1252 2.
911 1210 969 1265 μὴ
994 1212 1212 1268 θαυμάσῃς
1238 1208 1280 1251 δὲ
1307 1210 1343 1251 εἰ
1365 1215 1558 1251 τοσοῦτον

180 1276 285 1318 οὕτω
319 1275 465 1331 ταχέως
499 1276 666 1331 ἴσχυσαν
701 1277 828 1327 οὕτως
862 1276 972 1327 ὄντες
1006 1277 1168 1332 χρηστοὶ
1198 1273 1268 1318 καὶ
1303 1276 1551 1330 φιλόμουσοι

177 1342 272 1396 μετὰ
304 1342 378 1398 γὰρ
404 1343 558 1384 τούτων
583 1343 689 1392 ὅστις
715 1344 864 1399 ἔρχεται
892 1339 987 1400 παρ’
1011 1343 1097 1397 ἐμέ,
1128 1342 1206 1399 πρὸ
1231 1349 1311 1384 τῶν
1336 1341 1467 1383 ἄλλων
1492 1341 1554 1383 εὐ·
1578 1350 1610 1378 1⁶

180 1408 288 1458 θέως
312 1408 488 1463 κέκριται
512 1409 581 1450 καὶ
605 1410 852 1463 πειθόμενον
871 1409 958 1464 ἔχει.
991 1409 1103 1465 φέρει
1122 1409 1165 1451 δὲ
1185 1409 1322 1459 αὐτοῖς
1342 1408 1391 1450 οὐ
1412 1408 1556 1464 μικρὸν

176 1474 245 1516 καὶ
256 1475 301 1517 τὸ
315 1475 412 1524 σοὺς
425 1471 529 1517 εἶναι
541 1477 701 1527 παῖδας,
715 1471 765 1517 οὗ
784 1483 863 1526 πᾶς
882 1475 903 1519 ὁ
924 1476 1122 1530 μνησθεὶς
1141 1476 1217 1517 σὺν
1237 1475 1415 1525 ἐπαίνοις
1434 1475 1556 1529 ἐμνή-

182 1545 280 1595 σθη.
321 1544 359 1583 3.
384 1542 522 1596 βούλει
546 1558 583 1582 τι
607 1540 675 1583 καὶ
700 1541 884 1598 τέταρτον
922 1543 1040 1593 εἴπω;
1079 1541 1356 1596 συμφοιτητὴς
1386 1542 1496 1596 ἐμός,
1535 1540 1555 1583 ὁ

177 1607 331 1665 τούτων
350 1612 475 1660 θεῖος,
488 1607 699 1663 Εὐσέβιος.
725 1608 793 1650 καὶ
811 1614 928 1651 τοῦτο
949 1608 1171 1663 ἐδιδάχθην
1190 1608 1311 1658 αὐτὸς
1329 1604 1418 1663 παρ’
1433 1607 1554 1662 ἐμαυ-

176 1680 248 1716 τοῦ
273 1673 316 1716 τὸ
342 1673 458 1728 γένος
483 1673 613 1728 εὑρὼν
638 1673 704 1716 ἐπὶ
728 1681 799 1729 τῆς
823 1681 896 1717 τοῦ
922 1674 1116 1728 νεωτέρου
1142 1681 1314 1730 μορφῆς.
1575 1680 1610 1709 ‘2⁰

248 1782 267 1814 ‘1
305 1779 370 1815 VII
392 1775 440 1823 α’,
467 1777 531 1815 62'.
567 1779 622 1815 Va
648 1778 694 1826 γ’,
720 1779 788 1825 μζ.
824 1781 875 1817 Vo
901 1779 947 1826 γ’,
967 1779 1035 1827 μζ.
1063 1780 1121 1816 Be
1147 1779 1192 1828 ξῆ

248 1879 269 1910 3
296 1874 338 1911 11.
359 1889 375 1911 ε
402 1878 472 1911 265
547 1879 569 1911 8
597 1875 644 1912 of.
664 1887 723 1922 ep.
746 1879 827 1912 248.
855 1876 1003 1913 Sievers
1030 1881 1112 1921 211,
1129 1880 1185 1912 10.
1212 1876 1332 1913 Seeck
1358 1879 1417 1914 98.
1438 1880 1520 1913 375.

177 1921 345 1959 Silomon
370 1926 417 1959 43
494 1926 538 1959 10
563 1923 651 1961 Hor.
671 1924 723 1960 VI
744 1928 813 1961 120
890 1929 934 1961 19
962 1924 1081 1962 Seeck
1108 1928 1177 1962 140
1197 1925 1231 1961 X

250 2058 268 2090 1
295 2021 401 2102 χιέὸν
427 2055 475 2091 Vi
511 2053 637 2103 χιλλὸν
664 2057 718 2093 W
785 2060 806 2092 2
835 2056 938 2102 ἔμελε
964 2057 1022 2094 Be
1046 2057 1113 2093 sed
1138 2059 1158 2093 λ
1183 2057 1224 2093 in
1248 2068 1311 2093 ras
1336 2056 1395 2093 m¹
1429 2057 1551 2104 ἔμελλε

186 2102 280 2139 VVa
291 2103 341 2140 Vo
414 2107 437 2139 4
464 2102 500 2139 οἱ
526 2103 634 2140 Wolf
702 2108 724 2140 5
751 2105 797 2141 οὐ
821 2104 890 2141 τὸν
914 2105 956 2140 in
979 2116 1043 2141 ras
1069 2104 1145 2142 Be'
1226 2109 1270 2142 10
1295 2117 1335 2142 τε
1360 2105 1504 2142 inserui
1530 2117 1551 2142 e

186 2150 222 2187 V
259 2161 320 2187 om
347 2151 529 2189 VaVoBe
553 2151 663 2188 Wolf
689 2153 695 2200 Ι
725 2152 767 2189 τὸ
795 2152 907 2199 ἔργον
930 2153 1084 2200 reposui
1109 2164 1131 2189 e
1155 2153 1264 2190 libris
1289 2155 1334 2190 ut
1359 2155 1442 2190 coni
1471 2154 1527 2191 Re

176 2203 251 2235 τῶν
282 2198 400 2245 ἔργων
437 2199 542 2236 Wolf
567 2199 636 2236 sed
667 2211 750 2237 corr
774 2200 861 2237 Add
887 2204 957 2238 861
1059 2206 1102 2237 11
1135 2200 1321 2249 βοηθείας
1351 2202 1505 2248 reposui
1530 2213 1551 2239 ο

176 2245 285 2282 libris
306 2248 368 2330 xgo
394 2249 486 2285 θεῖν
511 2247 620 2284 Wolf
700 2253 743 2285 12
771 2248 873 2286 ἐστιν
900 2249 955 2286 Va
1001 2250 1008 2297 Ι
1052 2249 1143 2297 ἡμῖν
1167 2250 1320 2297 reposui
1346 2261 1367 2287 e
1392 2250 1501 2287 libris

176 2294 282 2390 ἡμᾶςν
356 2306 378 2331 ο
396 2295 416 2331 f
486 2299 530 2332 17
555 2302 647 2339 παῖς
672 2297 709 2334 V
737 2297 804 2334 sed
842 2311 856 2333 ι
893 2308 978 2334 eran
1007 2297 1066 2333 m⁸
1110 2299 1118 2346 Ι
1163 2297 1360 2345 ἐμνήσθην
1393 2300 1451 2336 Be
1483 2299 1551 2336 sed

178 2346 243 2390 ν(2
285 2353 367 2379 eras
