1806 2964
290 244 378 287 534
880 240 1062 277 ΜΒΑΝΠ

289 356 338 397 οὐ
364 354 504 409 μικρὸν
535 352 560 406 ἡ
589 350 741 394 ’κείνου
771 352 979 405 ἐπιθυμία.
1024 354 1063 393 4.
1088 358 1160 393 τοῦ
1186 347 1227 392 δ’
1251 346 1326 393 οὖν
1364 364 1406 393 σε
1441 356 1575 394 καλεῖν
1599 353 1649 395 οὗ

288 421 492 473 παύσομαι
522 420 695 472 νομίζων
719 418 810 470 ἐμοί
830 433 870 459 τε
894 421 1023 466 καλῶς
1046 416 1161 471 ἕξειν,
1186 418 1222 459 εἰ
1244 419 1424 472 παρείης,
1448 419 1514 460 σοί
1535 433 1575 460 τε
1598 419 1649 460 οὐ

287 490 429 540 χεῖρον.
462 484 550 536 περὶ
575 483 618 525 δὲ
643 490 723 524 τῶν
747 482 934 537 ἀγώνων,
959 481 1032 532 οὓς
1055 483 1160 532 εἰκὸς
1190 488 1438 536 πεποιῆσθαι
1463 483 1555 533 τοὺς
1581 495 1647 526 σο-

287 552 444 604 φιστάς,
469 550 556 591 ὅσοι
581 564 620 590 τε
646 549 827 602 ἐπῆλθον
845 548 913 589 καὶ
931 550 972 589 οἳ
987 549 1110 589 πάλαι
1128 548 1202 601 τὴν
1219 549 1336 590 πόλιν
1361 549 1530 602 οἰκοῦσι,
1554 553 1647 591 πολ-

251 631 268 658 ε
287 616 349 658 λοὶ
374 616 446 669 μὲν
470 615 692 669 ἀγγελοῦσι,
718 621 791 655 σοῦ
818 610 855 654 δ’
877 612 1052 665 ἀμείνων
1078 613 1152 654 οὐκ
1176 612 1228 654 ἅν
1253 629 1320 666 μοι
1338 612 1491 668 γένοιτο
1517 630 1647 668 μηνυ-

287 682 368 734 τής.
394 681 437 721 τό
462 696 501 721 τε
533 680 607 734 γὰρ
640 678 798 733 ἀκριβὲς
831 679 1036 729 διασώσεις
1066 678 1134 721 καὶ
1163 679 1275 733 χάρις
1306 677 1332 732 ἡ
1366 679 1428 720 σοὶ
1460 680 1647 734 συνήθης

286 746 439 790 ἐπέσται
466 750 549 795 τοῖς
573 746 811 800 γράμμασιν.

212 850 260 886 W
287 854 356 886 482
918 837 1018 892 φξξ·

743 926 1035 981 Μελινιανῷ.
1070 933 1176 976 (357)

232 1024 266 1052 ιο
348 1014 384 1052 1.
399 1008 554 1062 ’Ώιμην
580 1020 621 1049 σε
646 1014 724 1048 νῦν
749 1010 897 1061 μᾶλλον
922 1007 1082 1048 ἔσεσθαι
1102 1007 1178 1048 σὺν
1202 1005 1311 1060 ἡμῖν,
1334 1006 1471 1061 ἐπειδὴ
1497 1014 1646 1049 σαυτοῦ

283 1074 469 1127 κατέστης
500 1075 657 1128 κύριος·
685 1073 734 1114 σὺ
760 1070 798 1114 δ’
820 1073 951 1122 ἔοικας
975 1076 1123 1126 μᾶλλον
1148 1072 1295 1114 αὐτόθι
1325 1072 1476 1126 μένειν,
1507 1073 1643 1127 ἐπειδὴ

281 1143 438 1182 πολλῶν
477 1139 614 1194 ἐγένου
646 1139 794 1192 κύριος.
839 1139 966 1180 καίτοι
996 1151 1060 1179 σοι
1089 1137 1155 1179 καὶ
1185 1141 1344 1192 πλῆθος
1374 1139 1538 1180 οἰκετῶν
1567 1137 1646 1193 κᾶν

282 1209 363 1254 τοῖς
392 1208 554 1254 πολλοῖς
578 1204 656 1245 εἰσί
677 1219 800 1256 τινες,
825 1199 886 1253 οἷς
910 1201 978 1244 καὶ
1001 1202 1231 1261 βουλομένῳ
1255 1204 1349 1253 τοὺς
1373 1205 1518 1257 φίλους
1542 1205 1643 1246 ἰδεῖν

282 1266 335 1324 ἦν
375 1270 464 1324 περὶ
495 1277 573 1312 τῶν
604 1269 734 1311 ὄντων
758 1272 936 1323 θαρρεῖν.
965 1272 1002 1309 2.
1029 1266 1130 1322 ἀλλ’,
1155 1265 1285 1322 οἶμαι,
1319 1277 1390 1311 τοῦ
1415 1274 1547 1322 φιλεῖν
1570 1267 1644 1324 μὲν

229 1351 263 1379 15
288 1333 391 1378 εἶναι
416 1335 643 1389 ἐπιστήμων
669 1335 807 1390 ἔλεγες,
832 1329 943 1388 ἦσθα
963 1333 1006 1375 δὲ
1025 1334 1074 1376 οὗ
1093 1334 1216 1388 πάνυ,
1240 1332 1285 1384 ὃς
1303 1334 1370 1376 καὶ
1389 1335 1458 1377 τὸν
1482 1333 1643 1389 ἅνθρω-

279 1417 377 1456 πον,
414 1400 459 1451 ὃς
489 1401 673 1455 ὑμέτερος
704 1398 761 1441 ὢν
791 1398 958 1457 ἡμετέρᾳ
989 1396 1192 1457 συνῴκησε
1224 1401 1368 1457 δούλῃ,
1398 1401 1539 1454 παρὼν
1570 1400 1642 1455 μὲν

282 1468 356 1509 οὐκ
380 1467 630 1519 ἀπέσπασας,
657 1465 825 1507 ἐλθόντα
850 1464 892 1507 δὲ
917 1465 1106 1520 κατέχεις,
1137 1470 1285 1520 μᾶλλον
1310 1465 1373 1519 δέ,
1403 1463 1472 1508 εἴτ’
1494 1465 1643 1508 ἄκοντα

278 1603 369 1648 κείς.
403 1602 441 1639 3.
467 1594 552 1639 ἀλλ’
582 1597 732 1646 ἐκεῖνος
758 1595 854 1650 ἡμῖν
881 1596 935 1650 μὴ
961 1597 1113 1651 γένοιτο
1145 1598 1360 1652 δυσχεροῦς
1389 1613 1497 1647 τινος
1528 1597 1642 1653 ἀρχή.

226 1679 261 1705 20
279 1665 372 1712 τοὺς
398 1662 440 1705 δὲ
465 1664 611 1712 παῖδας
630 1663 814 1716 ἥκοντας,
839 1662 948 1711 ὅπως
971 1661 1126 1704 ἐκεῖθεν
1156 1661 1291 1717 ἄγοιεν
1323 1663 1439 1715 ξύλα,
1469 1663 1642 1716 ποίησον

284 1733 450 1782 μαθεῖν,
484 1729 581 1770 ὅσον
613 1729 662 1769 σὺ
692 1735 764 1769 τοῦ
788 1728 938 1782 πατρὸς
961 1726 1136 1780 ἀμείνων
1167 1734 1214 1785 τῇ
1240 1729 1407 1781 δυνάμει
1438 1727 1511 1781 μὲν
1541 1728 1640 1770 ἐκεί-

279 1810 376 1847 νου,
406 1798 459 1850 τῷ
479 1800 627 1835 σαυτοῦ
653 1791 696 1835 δὲ
726 1793 972 1848 χρησάμενος
996 1792 1138 1850 τρόπῳ.

351 1901 372 1933 8
404 1898 455 1934 Vt
477 1898 523 1942 γ’,
550 1896 637 1940 σνς’.
671 1897 727 1933 Va
753 1895 799 1941 ς’,
826 1895 895 1943 oy‘.
927 1897 980 1933 Vo
1008 1895 1054 1940 ς’,
1081 1895 1136 1942 ογ’

350 1996 371 2028 9
398 1992 444 2028 cf.
465 2003 524 2039 ep.
545 1994 626 2029 568.
652 1991 771 2028 Seeck
796 1995 878 2028 212.
898 1994 967 2027 33⁶

351 2092 369 2124 1
396 2086 524 2125 κείνου
551 2088 603 2124 Vo
631 2086 735 2123 wolf
763 2089 873 2124 τοῦδε
899 2087 955 2123 Va
1037 2090 1058 2121 6
1085 2087 1281 2134 &walwen
1312 2085 1445 2132 scripsi
1470 2097 1556 2122 oum
1581 2086 1638 2123 Re

279 2137 318 2171 ot
342 2135 499 2172 Seeckio
525 2138 595 2171 835
631 2133 828 2182 ἀγγέλουσι
854 2134 910 2171 Va
946 2132 1162 2181 ἀγγέλλουσι
1188 2134 1278 2171 VVo
1302 2133 1411 2170 Wolf
1455 2138 1477 2170 6
1502 2134 1586 2170 τότε
1608 2134 1641 2170 V

286 2184 343 2219 Va
366 2182 474 2220 Wolf
531 2185 551 2217 '1
578 2182 749 2228 sequitur
762 2193 819 2229 ep.
836 2185 905 2218 687
931 2181 972 2220 'm
998 2182 1033 2218 V
1082 2185 1104 2217 9
1128 2183 1337 2219 Σελινιανῶ
1351 2182 1495 2231 ἐΒεργίή.
1514 2184 1590 2221 168

278 2234 321 2266 11
349 2242 439 2266 num
463 2236 589 2277 μενεῖν
615 2229 879 2268 scribendum?
978 2233 1023 2266 18
1049 2228 1261 2277 βουλομένῳ
1290 2229 1326 2265 V
1348 2229 1415 2265 ned
1447 2243 1476 2278 ῳ
1507 2229 1548 2264 in
1579 2241 1638 2271 οις

277 2289 360 2315 corr
384 2278 442 2314 tn·
515 2282 559 2314 15
584 2277 789 2324 ἐπιστήμην
809 2276 916 2313 Wolf
935 2277 1001 2313 sed
1021 2277 1183 2313 correxit
1200 2275 1405 2313 Dorvilliun
1430 2276 1517 2312 Add
1536 2279 1605 2313 862
1628 2278 1633 2324 1

278 2323 320 2368 ὃς
343 2336 390 2362 ex
414 2325 464 2368 ὡς
488 2337 571 2363 cort
596 2325 667 2362 Vo⁸
733 2329 779 2361 16
798 2323 1009 2372 συνῴκησεν
1035 2325 1091 2361 Va
1125 2330 1131 2369 Ι
1164 2325 1296 2370 παρὼν
1312 2325 1464 2371 reposui
1489 2335 1511 2361 ο
1528 2323 1636 2361 libri·

278 2373 345 2410 sed
369 2388 398 2410 ω
424 2384 470 2410 ex
494 2386 515 2409 ο
541 2383 623 2409 corr
649 2372 732 2418 Vo‘,
749 2374 794 2409 ut
813 2372 898 2408 coni
917 2371 972 2408 Re
996 2371 1121 2415 παρὸν
1139 2371 1249 2408 Wolf
1311 2375 1354 2408 17
1376 2373 1445 2409 οὐκ
1464 2370 1635 2408 ἀπέσπα-

279 2431 347 2463 σας
370 2422 406 2458 V
427 2420 494 2457 ned
525 2431 571 2457 ox
602 2420 647 2456 οὐ
677 2419 865 2462 narbonae
889 2430 973 2456 corr
995 2419 1053 2455 ιιι*
1102 2421 1109 2464 Ι
1161 2416 1228 2456 εἶτ’
1259 2420 1316 2456 Va
1416 2423 1461 2456 18
1487 2417 1565 2456 εἴθ’
1589 2441 1634 2448 -

279 2469 423 2510 ἀδικεῖς
446 2467 654 2514 praemisso
679 2467 850 2514 κείμενον
875 2467 914 2503 in
940 2478 1049 2514 marg
1074 2467 1130 2503 V·
