1806 2964
604 224 875 264 EPISTULAE
900 231 1092 263 412-415
1446 226 1539 270 409

164 341 376 395 ἐπιστολὴν
401 337 452 383 οὗ
486 344 603 397 τιμᾷς
636 341 731 389 τοὺς
764 340 918 394 λόγους.
969 338 1183 393 ἀμείβομαι
1218 339 1261 381 δέ
1287 351 1328 381 σε
1354 343 1407 397 τῷ
1439 338 1540 394 μέγα

164 412 345 463 φρονεῖν,
370 407 431 450 δτι
457 408 588 456 δοκεῖς
611 402 715 447 εἶναι
733 406 854 455 καλὸς
868 402 1069 462 Ὀλυμπίῳ
1089 410 1143 463 τῷ
1169 407 1299 463 σοφῷ,
1325 403 1370 455 ὃς
1388 406 1540 459 βαδίζει

166 473 240 528 μὲν
264 473 330 516 ἐπὶ
355 474 450 523 τοὺς
475 472 777 528 ἀρρωστοῦντας
795 471 862 512 καὶ
881 470 1079 525 ἀνίστησι,
1098 471 1246 526 δέχεται
1265 470 1307 513 δὲ
1327 472 1420 521 τοὺς
1438 468 1535 526 παρ’

163 539 288 582 αὑτὸν
314 539 448 588 ἰόντας
472 538 538 580 ἐπὶ
562 539 724 595 παιδείᾳ
748 537 815 579 καὶ
840 537 1094 592 ἐμπίμπλησι.
1115 539 1233 590 φίλος
1255 553 1298 592 γε
1325 537 1407 591 μὴν
1431 538 1539 579 οὕτω

163 605 299 658 σαφὴς
318 605 416 647 ὥστε
435 603 513 646 κᾶν
532 604 597 646 ἐπὶ
622 604 692 653 τὰς
702 603 908 659 Γοργόνας
928 604 1032 661 φίλῳ
1052 605 1349 658 συστρατεῦσαι.
1386 606 1424 644 3.
1444 602 1539 656 ὄψει
1577 618 1594 645 5

164 671 206 713 δὲ
232 670 356 713 αὐτὸν
388 670 605 725 θαυμαστὰ
637 669 899 725 ἐργαζόμενον
924 669 968 711 ε”ν
993 674 1076 719 τοῖς
1107 668 1208 722 ὑπὲρ
1239 668 1355 723 ἡμῶν
1380 668 1538 718 ἄθλοις,

162 734 221 779 ὧν
244 737 507 791 κοινωνήσεις
532 737 680 790 δήπου,
705 735 782 777 κᾶν
807 735 948 789 μηδεὶς
971 735 1164 792 ἐπεγείρῃ.

803 854 894 898 υιδ’.
1441 863 1489 898 W
1520 866 1614 899 1230

593 931 942 991 Ἀρισταινέτῳ.
994 944 1100 988 (355)

228 1025 264 1061 1.
292 1016 444 1062 Ἀκούω
470 1032 546 1061 σου
570 1018 854 1074 κεκρατηκέναι
879 1018 953 1071 τὴν
977 1019 1111 1072 λύπην
1136 1017 1204 1059 καὶ
1228 1014 1336 1060 εἶναί
1358 1030 1422 1060 σοι
1447 1018 1537 1074 περὶ
1559 1033 1595 1059 ιο

161 1087 204 1129 τὸ
231 1093 369 1140 μνῆμα
394 1085 468 1139 τὴν
494 1085 716 1139 διατριβήν.
751 1084 827 1140 ἐγὼ
847 1083 891 1126 δὲ
910 1084 1042 1140 ὥσπερ
1062 1084 1118 1138 μὴ
1138 1085 1393 1137 λυπούμενον
1418 1080 1538 1142 ᾐτιώ-

163 1169 244 1206 μην
268 1151 334 1204 ἄν,
360 1152 465 1193 οὕτω
485 1151 644 1206 σφόδρα
662 1152 919 1204 λυπούμενον
939 1150 1014 1192 οὐκ
1032 1150 1195 1192 ἐπαινῶ.
1230 1150 1274 1192 τὸ
1301 1149 1373 1203 μὲν
1391 1150 1466 1205 γὰρ
1487 1150 1537 1192 οὐ

162 1225 234 1272 τῆς
258 1225 332 1272 σῆς
359 1218 533 1271 φύσεως,
558 1217 601 1259 τὸ
628 1215 671 1258 δὲ
696 1216 745 1258 οὗ
770 1223 841 1271 τῆς
868 1223 943 1270 σῆς
966 1217 1223 1266 παιδεύσεως.
1273 1219 1311 1257 2.
1337 1217 1374 1257 εἰ
1397 1213 1437 1256 δ’
1460 1212 1538 1258 οὖν

161 1286 228 1326 δεῖ
243 1300 351 1333 τινος
370 1283 436 1325 καὶ
455 1279 551 1338 παρ’
572 1282 693 1324 ἄλλου
713 1283 992 1337 παραμυθίας,
1011 1283 1211 1337 πληρώσει
1230 1283 1380 1335 ταύτην
1394 1278 1537 1336 Ὀλύμ-

160 1366 253 1400 πιος
277 1349 482 1405 ἀμφότερα
507 1348 565 1391 ὢν
591 1348 761 1403 ἀγαθός,
786 1349 921 1403 ψυχάς
945 1364 985 1390 τε
1010 1348 1079 1390 καὶ
1110 1349 1272 1401 σώματα
1297 1349 1537 1401 νοσημάτων
1558 1363 1593 1390 15

161 1416 413 1471 ἐλευθεροῦν.

807 1472 892 1516 υιε’.
1440 1482 1489 1516 W
1517 1486 1609 1518 1231

666 1558 869 1611 Σιλανῷ.
923 1563 1030 1606 (355)

226 1639 282 1680 Τὰ
306 1637 379 1692 μὲν
404 1640 602 1680 δοκοῦντα
626 1638 735 1692 παρὰ
758 1642 842 1686 τοῖς
866 1637 1101 1692 ἀνθρώποις
1127 1637 1276 1692 μεγάλα
1302 1637 1450 1678 δοῦναί
1473 1648 1538 1677 σοι

163 1704 383 1758 βουληθεὶς
407 1704 483 1746 οὐκ
507 1703 740 1758 ἠδυνήθην,
770 1703 819 1744 τὰ
843 1702 886 1745 δὲ
913 1702 1009 1745 ὄντα
1035 1707 1185 1757 μᾶλλον
1209 1701 1236 1756 ἢ
1263 1703 1463 1744 δοκοῦντα
1489 1726 1533 1731 —-
1558 1719 1594 1743 ρο

162 1770 274 1817 ταυτὶ
307 1770 383 1825 γὰρ
418 1771 563 1811 δοῦναι
597 1770 821 1823 δεδύνημαι
844 1793 892 1799 —
918 1769 1054 1824 δέχου,
1090 1771 1212 1823 φίλον
1235 1768 1366 1824 ἄνδρα
1403 1770 1537 1821 πάσης

162 1836 304 1891 ἀρετῆς
327 1836 513 1891 γέμοντα,
538 1836 609 1878 τὸν
633 1835 872 1889 θαυμαστὸν
893 1833 1123 1889 Ὀλύμπιον.

231 1933 252 1965 8
288 1930 337 1966 Vl
359 1927 406 1975 γ’,
432 1927 510 1974 ριΥ.
545 1929 602 1965 Va
627 1928 668 1973 ε’,
693 1927 752 1964 λα’
824 1932 866 1964 17
901 1929 951 1965 Vl
975 1928 1024 1975 γ’,
1049 1928 1103 1973 ρε’
1129 1929 1189 1975 (=
1205 1927 1301 1975 ως),
1335 1927 1391 1963 Va
1417 1927 1460 1972 ε’,
1479 1927 1535 1975 ιβ’

234 2029 255 2060 2
282 2025 328 2061 cf.
351 2035 410 2071 ep.
431 2029 513 2060 411.
540 2029 622 2061 412.
649 2024 768 2061 Seeck
787 2028 856 2060 222
920 2028 941 2060 5
969 2024 1173 2060 Salzmann
1193 2027 1239 2060 20
1300 2026 1321 2058 9
1342 2022 1463 2059 Seeck
1477 2027 1534 2059 85.

162 2077 243 2109 320.
271 2072 418 2109 Sievers
439 2076 482 2108 79
509 2075 587 2109 not.
609 2076 652 2108 51
680 2073 781 2109 male
807 2072 853 2108 de
878 2072 1126 2109 Nicomediae
1157 2070 1317 2107 interitu
1351 2071 1538 2118 cogitavit

211 2124 255 2156 10
275 2121 320 2157 ef.
348 2132 405 2166 ep.
425 2124 496 2156 405
572 2124 617 2156 14
642 2121 686 2156 cf.
713 2133 750 2166 p.
771 2123 854 2164 405,
874 2125 958 2166 2sq.
1036 2124 1081 2157 18
1108 2119 1255 2156 Sievers
1289 2123 1334 2155 76
1366 2122 1447 2156 not.
1478 2123 1535 2155 31.

160 2168 279 2205 Seeck
304 2172 385 2205 278.
414 2172 484 2205 320
559 2173 606 2204 22
632 2169 680 2206 cf.
702 2180 760 2214 op.
782 2173 863 2205 413.
885 2172 968 2206 414.
987 2173 1071 2205 419.
1099 2168 1220 2204 Seeck
1245 2171 1315 2203 222

236 2270 253 2300 1
280 2266 350 2310 τὴν
370 2268 460 2300 ante
479 2264 676 2310 ἐπιστολὴν
697 2264 805 2300 Wolf
859 2264 982 2301 delevi
1007 2265 1144 2301 τούτου
1169 2263 1238 2310 τὴν
1257 2263 1313 2299 Re
1335 2265 1341 2308 Ι
1374 2263 1418 2300 τὸ
1440 2263 1488 2299 Vi

162 2316 184 2348 8
204 2311 400 2359 ἀνίστησιν
427 2313 483 2349 Va
531 2316 554 2348 4
581 2313 699 2349 αὐτὸν
723 2312 814 2348 libri
837 2311 948 2349 Wolf
965 2315 971 2360 1
995 2311 1195 2359 ἐμπίπλησι
1223 2311 1284 2348 VS
1291 2311 1383 2348 Vs‘D
1410 2310 1532 2358 Wolf!

161 2359 301 2405 σοφίας
324 2362 409 2407 post
441 2359 641 2407 ἐμπίπλησι
675 2361 778 2396 inser
809 2360 873 2397 Vs*
930 2363 938 2407 Ι
994 2374 1037 2408 γε
1063 2359 1199 2406 scripsi
1224 2370 1246 2396 e
1273 2359 1468 2396 VaSViD
1492 2360 1538 2395 ut

161 2408 247 2444 coni
271 2408 327 2444 Re
351 2421 391 2446 τε
412 2409 448 2445 V
473 2408 582 2444 Wolf
644 2412 666 2444 5
693 2408 960 2451 συστρατεύσαι
985 2407 1121 2454 scripsi
1152 2413 1420 2452 συστρατεῦσαι
1446 2406 1537 2442 libri

161 2456 270 2493 Wolf
314 2460 336 2492 6
362 2456 404 2492 ἐν
419 2478 463 2483 —
479 2460 498 2492 ‘1
526 2455 651 2500 δήπου
671 2467 733 2492 om
761 2457 796 2492 V
840 2460 861 2492 '1
887 2457 954 2493 καὶ
973 2458 1063 2492 ante
1082 2455 1327 2501 κοινωνήσεις
1345 2454 1375 2492 S
1424 2458 1468 2490 12
1489 2456 1535 2491 οὐ

161 2515 222 2540 om
250 2505 286 2541 V
347 2508 394 2540 20
419 2503 624 2551 ἠδυνήθην
654 2505 688 2540 V
707 2504 775 2541 sed
798 2504 823 2550 ἢ
843 2505 883 2541 in
909 2505 928 2541 ἐ
947 2515 1030 2540 con·
1054 2503 1111 2539 m⁴
1178 2507 1222 2539 21
1250 2505 1390 2540 δοῦναι
1409 2503 1533 2547 omV{
