1806 2964
289 202 378 245 320
881 203 1066 239 ΒΙΒΑΝΠ

289 314 379 355 τόδε
405 315 502 366 ἥκει.
535 316 574 354 4.
601 315 667 355 δεῖ
686 314 737 367 δὴ
774 314 842 355 καὶ
871 315 1081 368 Θεόδωρον
1111 319 1241 368 τυχεῖν
1271 331 1310 356 τε
1340 322 1420 357 τῶν
1452 317 1550 359 ἴσων
1586 315 1654 358 καὶ

290 379 353 420 σοὶ
391 386 469 420 τῶν
503 380 603 420 ἴσων
641 379 818 421 ἐπαίνων
855 380 984 422 αἴτιον
1020 387 1261 433 καταστῆναι
1294 381 1359 422 καὶ
1398 386 1655 435 συνησθῐναι

290 445 414 502 τούτῳ
440 447 636 498 Σαβῖνον,
661 445 791 498 ὥσπερ
817 440 932 493 οὗτος
959 444 1107 503 ἐκείνῳ.
1147 449 1184 486 5.
1210 446 1292 487 τὸν
1324 445 1373 488 δὲ
1402 447 1655 500 Θεόδωρον

292 509 378 550 οὐκ
408 510 629 565 ἀγνοεῖς,
660 511 742 563 ε”φη
775 526 846 559 τις.
883 511 991 561 ὅμως
1023 511 1064 552 δὲ
1097 511 1238 564 φράσω
1270 523 1333 552 σοι
1364 512 1430 552 καὶ
1463 511 1560 565 ἐγώ,
1591 511 1654 553 συὶ

255 588 272 615 5
292 575 365 628 μὲν
388 575 465 630 γὰρ
489 575 608 617 οὐδὲν
633 577 781 630 βλάβος
811 575 838 616 ἃ
868 572 992 617 οἶσθα
1022 575 1211 628 ἀκοῦσαι,
1242 576 1328 628 ἐμοὶ
1359 576 1402 618 δὲ
1433 575 1561 630 ἡδονὴ
1587 577 1656 620 τὸν

291 640 419 695 ἄνδρα
457 640 645 683 ἐπαινεῖν.
691 644 730 682 6.
755 637 874 690 οὗτος
903 641 943 691 ἐξ
978 641 1148 696 ἀγαθῶν
1178 641 1222 683 ἐν
1250 638 1413 699 Ἀραβίᾳ
1444 642 1654 697 γενόμενος

291 707 440 759 ἀμείνω
466 713 546 748 τῶν
569 707 751 759 πατέρων
776 707 900 748 αὑτὸν
924 707 1071 757 ἔδειξεν
1097 706 1274 760 ὁρμήσας
1299 706 1373 760 μὲν
1397 708 1453 757 εἰς
1478 707 1552 761 τὴν
1577 707 1654 761 σὴν

290 773 408 815 πόλιν
432 772 496 814 ἐπὶ
521 774 655 825 κτήσει
679 773 829 825 νόμων,
854 777 907 831 τῷ
930 777 1070 814 πονεῖν
1094 773 1137 814 δὲ
1164 772 1283 814 πλέον
1315 771 1456 825 ἡσθεὶς
1479 772 1508 827 ἢ
1532 773 1654 828 ἕτεροι

290 843 345 894 τῷ
370 837 588 893 ὀρχεῖσθαι.
635 842 672 880 7.
697 839 852 892 πλήρης
878 837 921 880 δὲ
952 839 1088 891 νόμων
1122 839 1279 880 ἐκεῖθεν
1304 838 1494 880 ἀπελθὼν
1518 839 1584 880 καὶ
1610 839 1653 881 τὸ

237 917 274 943 ιο
292 911 372 945 τῶν
396 904 524 958 λόγων
549 911 628 945 τῶν
652 903 852 957 ἡμετέρων
878 904 1024 954 σθένος
1048 903 1070 945 ὃ
1096 905 1287 958 πρότερον
1311 901 1413 958 εἶχεν
1438 904 1512 945 οὐκ
1536 904 1648 957 ἐκβα-

291 969 371 1010 λὼν
396 970 476 1011 ὑπὸ
501 976 581 1010 τῶν
605 971 741 1022 νόμων
767 970 842 1010 δύο
868 969 994 1022 λιμέσι
1025 970 1118 1019 τοὺς
1143 971 1197 1018 εἰς
1230 970 1353 1011 αὑτὸν
1383 970 1654 1024 καταφεύγον-

290 1052 359 1084 τας
384 1035 552 1086 ἐδέξατο,
579 1036 714 1088 νόμων
738 1051 778 1076 τε
803 1035 1023 1089 ἀναγνώσει
1042 1035 1109 1076 καὶ
1132 1036 1345 1089 ῥητορικῆς
1371 1036 1486 1089 ἰσχύι.
1522 1037 1560 1076 8.
1587 1035 1653 1076 καὶ

290 1106 443 1153 μισθοῦ
480 1100 554 1155 μὲν
587 1101 663 1142 οὐκ
699 1100 912 1154 ἠμέλησεν,
948 1101 997 1142 οὐ
1037 1101 1118 1154 μὴν
1146 1102 1195 1142 ’ὲν
1232 1107 1347 1142 τοῦτο
1382 1097 1507 1154 εἶδεν,
1545 1100 1653 1149 ὅπως

291 1167 460 1219 λήψεται
492 1167 654 1220 μισθόν.
691 1162 776 1207 ἀλλ’
806 1167 910 1207 οὕτω
948 1170 1136 1220 λαμπρῶς
1171 1166 1399 1220 ἀγωνίζεται
1435 1165 1501 1207 καὶ
1531 1173 1654 1207 πᾶσιν

236 1245 272 1272 1⁶
291 1229 353 1282 οἷς
377 1233 466 1287 ἔχει,
491 1233 587 1275 ὥστε
613 1231 788 1288 ὀλιγάκις
813 1231 886 1285 μὲν
910 1233 1085 1285 ἥττηται.
1109 1232 1260 1286 χάριτες
1279 1230 1321 1272 δὲ
1340 1233 1446 1288 αὐτῷ
1461 1230 1527 1272 καὶ
1544 1231 1653 1287 παρὰ

290 1305 369 1339 τῶν
395 1297 636 1351 ἡττημένων.
675 1302 714 1340 9.
739 1305 810 1352 τῆς
842 1298 884 1340 δὲ
915 1304 988 1349 σῆς
1019 1297 1142 1351 ἀρχῆς
1173 1297 1465 1350 ἐπαινουμένης
1493 1303 1652 1351 πρῶτον

290 1363 362 1415 μὲν
387 1364 462 1405 οὐκ
486 1364 654 1417 ἀπιστεῖ,
678 1371 794 1406 τοῦτο
814 1364 858 1405 δέ
880 1364 960 1406 ἐστι
984 1364 1059 1417 τὴν
1083 1364 1160 1417 σὴν
1185 1363 1335 1411 εἰδότος
1355 1363 1495 1415 φύσιν,
1519 1362 1651 1404 ἔπειτα

289 1431 413 1483 χαίρει
438 1430 621 1485 καθάπερ
652 1428 786 1483 ἡμεῖς,
817 1426 879 1478 οἷς
914 1429 974 1470 ἔνι
1005 1430 1170 1482 μάλιστα
1199 1429 1349 1482 χαίρειν
1380 1428 1424 1469 ἐν
1455 1432 1537 1478 τοῖς
1567 1431 1652 1476 σοῖς

289 1494 476 1549 ἀγαθοῖς,
500 1495 568 1537 καὶ
592 1496 687 1546 τοὺς
711 1495 790 1537 ὑπὸ
817 1495 881 1536 σοὶ
906 1496 1108 1549 μακαρίζει
1131 1494 1198 1535 καὶ
1223 1489 1398 1548 βούλοιτ’
1419 1493 1470 1534 ἂν
1490 1493 1569 1536 ὑπὸ
1589 1494 1651 1535 σοὶ

235 1574 271 1600 ιο
288 1561 489 1615 γενέσθαι.
526 1565 590 1604 10.
617 1562 717 1615 πρὸς
742 1561 787 1603 δέ
811 1577 852 1616 γε
878 1559 983 1615 ἡμᾶς
1008 1559 1030 1602 ὁ
1052 1561 1272 1614 Θεόδωρος,
1291 1559 1434 1601 ὁποῖον
1457 1558 1508 1600 ἂν
1533 1559 1650 1612 ἀξιώ-

289 1639 388 1676 σαις.
427 1623 544 1677 οὗτος
578 1628 652 1682 γάρ
684 1627 789 1668 ἐστιν
821 1625 843 1667 ὁ
873 1626 974 1681 πρὸς
1006 1624 1111 1679 ἡμᾶς
1139 1626 1209 1667 τὸν
1240 1626 1331 1667 υἱὸν
1370 1624 1554 1677 μεταθεὶς
1584 1625 1651 1666 καὶ

288 1697 370 1741 τοῖς
394 1692 526 1742 ἄλλοις
557 1694 688 1743 δείξας
718 1692 794 1746 τὴν
819 1691 916 1734 ὁδὸν
940 1691 1006 1733 καὶ
1032 1692 1334 1744 συμβουλεύσας
1351 1691 1465 1748 ἔργῳ,
1489 1694 1566 1732 ποῖ
1577 1690 1650 1744 χρὴ

288 1760 474 1812 βαδίζειν.
512 1757 578 1798 καὶ
610 1759 660 1811 δὴ
693 1758 759 1799 καὶ
790 1764 871 1798 τῶν
902 1757 1144 1812 πραγμάτων
1175 1756 1273 1810 ἡμῖν
1304 1757 1360 1805 εἰς
1395 1756 1651 1811 δικαστήριον

361 1878 379 1909 1
407 1873 523 1909 Seeck
549 1876 618 1910 308
686 1876 772 1919 Ἴος.
799 1873 977 1919 Berytum

360 1986 381 2016 2
408 1983 445 2017 σὲ
473 1982 507 2015 V
575 1985 597 2017 4
629 1981 782 2027 ἀγνοεῖν
812 1980 843 2017 S
914 1983 934 2015 6
960 1976 1126 2038 ἀρραβία
1157 1979 1245 2015 VoS
1273 1977 1380 2014 Wolf
1407 1979 1455 2014 cf.
1479 1990 1537 2024 op.
1565 1981 1649 2014 320.

288 2032 357 2065 369
433 2033 451 2064 7
479 2029 663 2073 πατρώων
656 1995 803 2064 γαύτὸν
833 2028 878 2064 Vs·
930 2030 936 2073 Ι
991 2027 1060 2073 σὴν
1086 2038 1146 2063 om
1175 2027 1210 2063 V
1283 2029 1306 2062 8
1332 2025 1519 2071 ἐπικτήσει
1547 2026 1592 2062 Vi

289 2081 335 2113 10
365 2083 441 2113 τῶν
474 2075 662 2122 ἡμετέρων
693 2087 753 2112 om
783 2076 828 2112 Vi
867 2073 1051 2120 ἡμετέρων
1076 2086 1136 2111 om
1163 2074 1192 2111 S
1234 2074 1477 2134 Ιέκβάλλων
1500 2074 1554 2110 Vo

290 2130 329 2160 11
360 2125 488 2161 δύο-
506 2129 548 2160 12
584 2124 733 2168 ἐδέξατο
767 2122 984 2183 praemissis
1015 2122 1138 2159 vorbis
1175 2121 1218 2158 τὸ
1234 2078 1320 2158 Ιδύο
1351 2122 1397 2158 οὐ
1430 2120 1513 2168 μόν
1516 2135 1548 2158 ν
1585 2121 1647 2157 ἐπὶ

287 2172 443 2214 εὐθείας
466 2173 531 2208 καὶ
556 2173 776 2216 αἰτιατικῆς,
801 2170 894 2206 ἀλλὰ
919 2171 984 2207 καὶ
1009 2171 1070 2206 ἐπὶ
1095 2174 1245 2216 γενικῆς
1269 2170 1334 2205 καὶ
1365 2171 1518 2217 δοτικῆς
1541 2167 1646 2206 τίθε-

285 2234 359 2256 ται.
384 2220 567 2267 Λιβάνιος
590 2220 687 2256 citat·
710 2219 874 2255 Thomas
901 2219 999 2265 Mag.
1019 2230 1047 2254 s.
1069 2229 1099 2254 v.
1127 2219 1188 2253 δυ
1187 2223 1235 2254 »tv
1261 2229 1296 2264 p.
1317 2221 1375 2260 91,
1386 2221 1407 2253 9
1425 2217 1455 2252 Β,
1525 2221 1565 2251 11
1592 2220 1647 2252 λι-

286 2267 392 2314 μέσιν
408 2269 463 2304 Va
483 2269 490 2312 Ι
512 2268 629 2304 αὐτὸν
639 2267 847 2304 VVaVoVi
867 2266 973 2302 Wolf
1026 2269 1068 2300 12
1094 2266 1216 2311 καὶ(2ι
1242 2265 1382 2301 inserui
1407 2275 1429 2300 e
1453 2265 1483 2302 S
1529 2275 1591 2300 om
1616 2265 1653 2300 V

295 2316 410 2353 VaVo
439 2315 544 2352 Wolf
638 2319 682 2351 13
712 2314 893 2374 ἠμέλησεν
924 2313 1059 2359 scripsi
1090 2325 1111 2349 e
1138 2313 1289 2367 VaVoS
1302 2313 1348 2349 Va·
1378 2314 1422 2348 ut
1452 2312 1538 2348 coni
1571 2311 1623 2348 Ro

285 2362 460 2409 ἐμέλησεν
487 2364 523 2399 V
541 2362 673 2409 Wolf!
695 2361 736 2399 ἓν
760 2360 861 2398 τοῦτ’
885 2362 967 2399 SV<
993 2365 999 2405 Ι
1026 2357 1127 2398 εἶδεν
1152 2360 1286 2406 scripsi
1312 2371 1333 2395 e
1361 2360 1506 2397 VoSVi
1542 2356 1647 2396 οἶδεν

293 2411 388 2448 VVa
413 2411 521 2447 Wolf
584 2415 628 2447 15
655 2410 731 2457 ἔχει
754 2409 905 2456 reposui
930 2420 952 2446 ο
976 2409 1084 2445 libris
1119 2406 1195 2452 εἶχε
1223 2407 1328 2444 Wolf
1354 2409 1360 2454 Ι
1387 2405 1474 2443 φατ’
1505 2407 1551 2444 Vs·

288 2462 332 2494 17
357 2460 459 2495 ἐστιν
485 2459 541 2495 Va
615 2461 660 2495 18
686 2458 727 2494 ἐν
752 2469 814 2494 om
841 2458 887 2494 Vi
959 2461 1004 2493 19
1030 2457 1160 2504 noun]
1187 2462 1255 2492 σοῦ
1282 2456 1327 2492 Vi
1400 2459 1445 2491 23
1471 2457 1533 2492 δεῖ
1557 2455 1589 2491 V
