1806 2964
626 224 897 262 EPISTULAE
922 229 1115 263 ιιι-442
1455 227 1543 271 437

173 335 291 388 ἄξιον
314 343 385 391 τῆς
411 344 484 392 σῆς
510 338 693 388 διανοίας
717 338 934 379 δεικνύναι.
985 338 1049 380 διὸ
1081 337 1134 392 δὴ
1159 338 1226 380 καὶ
1251 345 1329 380 νῦν
1354 338 1435 381 ὑπὸ
1459 354 1543 381 κοι-

173 408 259 444 νῶν
282 402 410 457 εὐχῶν
440 402 633 445 στέλλεται
663 404 826 446 πάντων
856 403 1171 457 ἐπιθυμούντων
1203 404 1404 460 ἔγκαρπον
1434 405 1544 462 αὐτῷ

171 475 415 523 καταστῆναι
439 469 513 523 τὴν
539 468 646 511 ὁδόν.
698 472 766 511 10.
799 471 836 512 εἰ
866 469 909 512 δὲ
939 470 1096 526 γένοιτο
1120 475 1174 528 τῷ
1194 470 1269 525 μὲν
1293 471 1340 512 τὰ
1365 475 1543 529 πατρῷα,

171 531 199 588 ἦ
223 534 330 590 μονὴ
356 533 400 577 δὲ
423 534 526 589 ἐμοί,
551 542 704 577 παιᾶνα
728 536 786 585 εἰς
810 536 904 586 τοὺς
929 536 1082 586 αἰτίους
1106 532 1303 594 ᾀσόμεθα.

799 652 907 709 υμβ’.
1252 664 1302 700 w
1324 668 1416 702 1034
1431 664 1541 711 (Cant
1554 666 1615 712 ³8)

629 729 919 785 Καλλιοπίῳ.
972 739 1077 782 (355)
1580 745 1596 771 e

233 803 273 841 1.
304 790 428 842 'Hnev
451 800 508 849 εἰς
539 797 646 853 ἡμᾶς
675 799 723 840 τὰ
754 799 943 841 εἰωθότα·
971 801 1179 854 νενίκηκεν
1205 799 1227 843 ὁ
1258 801 1444 855 βασιλεὺς
1475 801 1543 842 καὶ

167 866 386 922 βαρβάρων
410 866 534 915 ἔθνος
551 865 793 907 ἐκκέκοπται.
830 867 982 919 ταύτην
1001 865 1044 907 δὲ
1063 867 1334 921 καρπούμενοι
1352 866 1427 920 τὴν
1445 865 1542 921 ἡδο-

167 931 249 986 νὴν
266 931 341 985 τὴν
366 931 502 987 ἑτέραν
520 931 737 985 ἐλπίζομεν.
771 932 875 985 αὕτη
900 931 944 973 δέ
967 931 1047 973 ἐστι
1072 932 1150 986 σὴν
1172 932 1384 986 ἐπιστολὴν
1407 933 1542 975 ἐλθεῖν

169 997 340 1052 διδαχήν
364 1012 404 1038 τε
438 997 607 1052 ἔχουσαν
632 1004 704 1052 τῆς
738 998 866 1052 μάχης
899 997 967 1039 καὶ
991 1005 1063 1039 τοῦ
1097 999 1385 1054 κεκρατηκότος
1419 999 1539 1055 ἕγκώ-
1561 1010 1596 1036 1⁰

168 1079 275 1117 μιον.
315 1067 353 1104 2.
380 1062 434 1114 ὡς
459 1059 536 1105 οὖν
555 1062 750 1118 μετέωρον
775 1064 875 1118 ἔχων
894 1063 938 1105 τὸ
963 1063 1138 1119 θέατρον
1162 1065 1343 1119 κήρυττε,
1368 1061 1399 1106 ὦ
1418 1066 1539 1120 κηρύ-

167 1145 253 1171 κων
277 1128 409 1185 ἄριστε
434 1128 502 1171 καὶ
526 1129 866 1183 εὐδαιμονέστατε,
889 1131 1060 1188 γενναίῳ
1081 1132 1212 1180 συζῶν
1230 1130 1401 1188 ἀθλητῇ.
1438 1132 1540 1173 δότω

171 1194 217 1237 δὲ
241 1195 305 1237 σοὶ
335 1196 451 1250 χάριν
475 1195 565 1236 ἀντὶ
589 1202 661 1249 τῆς
686 1203 828 1250 φωνῆς
853 1194 874 1237 ὃ
899 1196 1120 1249 παλαιστὴς
1143 1197 1188 1238 τὸ
1214 1196 1347 1250 με’νειν
1371 1197 1540 1252 ἀτρέμας

167 1261 212 1303 ἕν
236 1262 414 1316 δεμνίοις
438 1260 504 1315 ἐμὲ
528 1262 599 1304 τὸν
618 1260 739 1303 οὐδὲν
758 1261 814 1303 ἔτι
833 1262 1062 1315 δυνάμενον
1080 1262 1187 1315 πλὴν
1205 1263 1253 1303 τὰ
1272 1262 1414 1318 ἑτέρων
1432 1268 1539 1305 θαυ-

166 1328 316 1381 μάζειν·
353 1329 457 1369 οὔτω
476 1334 684 1382 πανταχῶς
703 1327 876 1369 ἀσθενῶ.
917 1331 954 1370 3.
980 1328 1048 1369 καὶ
1067 1329 1118 1370 σὺ
1137 1327 1181 1370 δὲ
1207 1328 1276 1379 δὸς
1300 1327 1400 1382 ἡμῖν
1423 1331 1538 1385 χάριν
1558 1340 1594 1369 15

166 1393 211 1435 τὸ
241 1394 342 1449 πρὸς
366 1398 419 1450 τῷ
445 1409 484 1434 τι
513 1394 698 1448 πράττειν
723 1393 823 1448 ὑπὲρ
849 1392 966 1447 ἡμῶν
997 1391 1067 1435 καὶ
1099 1393 1348 1437 ἐπιστέλλειν.
1392 1402 1470 1437 νῦν
1495 1395 1539 1438 δὲ

166 1466 266 1514 πῶς,
290 1461 379 1513 οἷἐι,
404 1458 607 1513 διετέθην,
631 1457 753 1513 ἡνίκα
777 1459 878 1514 πρὸς
904 1459 977 1513 μὲν
1001 1460 1072 1501 τὸν
1098 1464 1217 1502 θεῖον
1243 1460 1414 1517 ἔγραφες
1437 1461 1538 1517 ’ὑπὲρ

164 1523 296 1579 ἡμῶν,
321 1525 441 1573 αὐτὸς
467 1524 510 1567 δὲ
533 1523 633 1579 ἡμῖν
658 1524 878 1575 ἐπέστελλες
903 1525 1043 1576 οὐδέν;

163 1665 207 1702 D
239 1619 345 1702 διθῖζι
365 1618 412 1664 γ’,
444 1617 534 1665 ρλβ’.
571 1619 628 1656 Va
654 1617 695 1663 ε’,
728 1617 836 1666 [νθ’].
877 1618 907 1656 S
935 1618 983 1665 γ’,
1015 1618 1060 1664 ρ’.
1096 1619 1143 1656 Vi
1174 1619 1267 1668 [να].
1307 1620 1409 1657 Vina
1439 1620 1536 1668 oqss'.

231 1677 253 1701 σ

237 1754 259 1786 6
285 1751 332 1787 cf.
353 1761 410 1797 ep.
431 1754 514 1788 441.
540 1750 686 1788 Sievers
712 1754 844 1794 220,9.
872 1751 992 1788 Seeck
1020 1754 1102 1788 101.
1128 1754 1199 1788 822

241 1841 259 1871 1
287 1837 485 1872 δεικνύναι
509 1836 661 1883 reposui
687 1846 708 1872 e
733 1835 842 1872 libris
880 1837 1078 1873 δεικνῦσαι
1102 1835 1212 1872 Wolf
1229 1837 1235 1882 Ι
1257 1836 1323 1872 καὶ
1349 1847 1410 1872 om
1438 1836 1483 1873 Vi

164 1887 188 1919 3
211 1889 442 1930 καταστῆσαι
468 1885 524 1921 Va
534 1885 633 1921 Vina
658 1884 725 1920 sed
749 1884 790 1920 in
815 1884 889 1920 hoc
913 1896 936 1920 ν
962 1895 1078 1930 supra
1103 1895 1125 1920 ο·
1146 1885 1152 1931 Ι
1174 1885 1276 1932 αὐτῷ
1303 1884 1404 1921 Vina
1429 1886 1435 1931 1
1467 1884 1536 1931 μὲν

167 1942 230 1968 om
258 1932 358 1968 Vind
378 1934 384 1976 Ι
405 1938 564 1977 πατρῶα
589 1933 636 1969 Vi
708 1936 730 1967 4
756 1931 780 1978 ἡ
806 1932 903 1979 μονὴ
929 1932 972 1969 δὲ
999 1933 1080 1978 ἐμοὶ
1107 1943 1168 1968 om
1196 1932 1297 1968 Vina
1357 1935 1380 1968 8
1407 1944 1533 1979 „prae-

163 1979 245 2024 fero
268 1979 485 2027 βάρβαρον“
514 1980 569 2017 Re
603 1982 609 2027 Ι
648 1980 718 2027 τὴν
742 1980 888 2026 ἡδονὴν
914 1980 1028 2027 suppl
1055 1981 1130 2017 Va⁶
1210 1983 1231 2015 9
1247 1979 1317 2023 τὴν
1347 1980 1489 2017 inserui
1514 1992 1535 2016 e

166 2027 274 2064 libris
301 2027 368 2064 sed
392 2028 494 2064 inser
512 2028 541 2065 S
582 2040 644 2065 om
671 2028 779 2064 Wolf
832 2031 838 2073 Ι
894 2027 1091 2074 ἐπιστολὴν
1110 2027 1238 2064 ἐλθεῖν
1263 2027 1304 2063 in
1328 2029 1450 2074 textu,
1474 2030 1535 2066 ἐν·

166 2075 279 2122 τολὴν
304 2075 432 2113 ἐλθεῖν
456 2076 497 2112 in
521 2087 630 2123 marg
660 2075 774 2123 suppl
805 2076 882 2113 Va⁶
950 2080 995 2112 10
1026 2076 1164 2123 ἔχουσα
1196 2077 1264 2122 D}
1288 2077 1351 2112 καὶ
1381 2082 1449 2113 τοῦ
1473 2090 1534 2113 κε-

162 2123 394 2170 κρατηκότος
419 2125 457 2159 et
489 2128 531 2160 11
557 2124 600 2160 τὸ
619 2122 787 2170 θέατρον
805 2124 976 2169 κήρυττε,
995 2120 1024 2160 ὦ
1045 2123 1107 2161 del
1135 2124 1190 2160 Va
1253 2128 1296 2160 11
1323 2123 1459 2170 ἡρώων
1479 2126 1535 2162 Va

164 2172 232 2208 ned
258 2171 371 2219 suppl
394 2171 452 2207 m‘
524 2175 567 2207 12
588 2170 686 2209 δότω
711 2172 865 2218 reposui
889 2183 910 2208 e
935 2172 1045 2208 libris
1083 2170 1170 2218 δοίη
1195 2171 1306 2208 Wolf
1364 2176 1409 2209 13
1434 2172 1484 2218 δή
1504 2174 1537 2210 V

171 2267 323 2304 VaSVs·
397 2219 642 2315 lgoassgzvfi'
713 2271 757 2303 15
784 2268 849 2304 noel
873 2279 934 2304 om
953 2268 995 2304 D
1015 2268 1022 2315 Ι
1043 2266 1086 2303 δὲ
1111 2267 1214 2303 inser
1237 2267 1269 2303 S
1308 2278 1370 2304 om
1397 2268 1444 2305 Vi

198 2319 243 2351 1⁶
257 2315 324 2363 τῶ]
342 2314 385 2352 τὸ
403 2316 450 2352 Vi
470 2318 476 2362 Ι
497 2314 534 2352 τί
550 2316 718 2353 VSVind
752 2316 789 2351 τὶ
802 2315 843 2352 D
863 2317 870 2362 1
892 2315 1048 2360 πράττει
1067 2316 1123 2352 Va
1144 2317 1150 2362 Ι
1171 2315 1238 2351 καὶ
1256 2327 1357 2351 mser
1374 2315 1429 2352 V⁴
1471 2326 1533 2351 om

170 2352 318 2400 VindD
339 2364 346 2410 Ι
368 2361 411 2401 δὲ
434 2369 516 2405 πῶς
539 2364 575 2400 V
589 2365 656 2400 sed
676 2375 721 2400 ex
758 2362 860 2405 ὅπως
878 2375 961 2400 corr
978 2363 1036 2399 m⁴
1074 2361 1174 2405 ὅπως
1194 2363 1251 2400 Va
1307 2367 1351 2399 1‘1
1372 2363 1534 2411 ἔγραφες

161 2445 258 2492 ὑπὲρ
284 2445 388 2494 ἡμῶν
420 2447 552 2493 scripsi
579 2458 600 2485 e
626 2448 777 2485 VVaVi
813 2413 979 2494 ἔξραφες
1002 2425 1098 2492 ὖῗτὲρ
1123 2446 1228 2493 ἡμῶν
1247 2446 1278 2484 S
1311 2446 1406 2492 ὑπὲρ
1426 2446 1532 2493 ἡμῶν

164 2494 328 2542 ἔγραφες
354 2496 500 2532 VindD
525 2495 634 2532 Wolf
