<?xml version="1.0" encoding="UTF-8"?>
<!DOCTYPE html PUBLIC "-//W3C//DTD XHTML 1.0 Transitional//EN"
    "http://www.w3.org/TR/xhtml1/DTD/xhtml1-transitional.dtd">
<html xmlns="http://www.w3.org/1999/xhtml" xml:lang="en" lang="en">
 <head>
  <title>
</title>
<meta http-equiv="Content-Type" content="text/html;charset=utf-8" />
  <meta name='ocr-system' content='tesseract 3.04.00' />
  <meta name='ocr-capabilities' content='ocr_page ocr_carea ocr_par ocr_line ocrx_word'/>
</head>
<body>
  <div class='ocr_page' id='page_1' title='image "./operarecensuitri10libauoft_0484.png"; bbox 0 0 1806 2964; ppageno 0'>
   <div class='ocr_carea' id='block_1_1' title="bbox 316 210 1094 256">
    <p class='ocr_par' dir='ltr' id='par_1_1' title="bbox 316 210 1094 256">
     <span class='ocr_line' id='line_1_1' title="bbox 316 210 1094 256; baseline -0.013 0"><span class='ocrx_word' id='word_1_1' title='bbox 316 214 405 256; x_wconf 77' lang='grc'><strong><em>472</em></strong></span> <span class='ocrx_word' id='word_1_2' title='bbox 909 210 1094 248; x_wconf 83' lang='lat' dir='ltr'>LIBANII</span> 
     </span>
    </p>
   </div>
   <div class='ocr_carea' id='block_1_2' title="bbox 257 322 1674 1297">
    <p class='ocr_par' dir='ltr' id='par_1_2' title="bbox 257 322 1674 1297">
     <span class='ocr_line' id='line_1_2' title="bbox 313 322 1672 380; baseline 0 -14"><span class='ocrx_word' id='word_1_3' title='bbox 313 325 556 380; x_wconf 81' lang='grc' dir='ltr'><strong><em>ἐγράψαμεν.</em></strong></span> <span class='ocrx_word' id='word_1_4' title='bbox 583 327 621 365; x_wconf 84' lang='grc'><strong><em>2.</em></strong></span> <span class='ocrx_word' id='word_1_5' title='bbox 647 330 763 365; x_wconf 85' lang='grc' dir='ltr'><strong><em>τοῦτο</em></strong></span> <span class='ocrx_word' id='word_1_6' title='bbox 782 322 825 364; x_wconf 73' lang='grc' dir='ltr'><strong><em>δὲ</em></strong></span> <span class='ocrx_word' id='word_1_7' title='bbox 843 322 1009 365; x_wconf 76' lang='grc' dir='ltr'><strong><em>ἐποίουν</em></strong></span> <span class='ocrx_word' id='word_1_8' title='bbox 1027 324 1254 376; x_wconf 81' lang='grc' dir='ltr'><strong><em>βασανίζων</em></strong></span> <span class='ocrx_word' id='word_1_9' title='bbox 1272 323 1316 364; x_wconf 84' lang='grc' dir='ltr'><strong><em>ἐν</em></strong></span> <span class='ocrx_word' id='word_1_10' title='bbox 1333 323 1461 380; x_wconf 81' lang='grc' dir='ltr'><strong><em>χρόνῳ</em></strong></span> <span class='ocrx_word' id='word_1_11' title='bbox 1480 323 1554 376; x_wconf 81' lang='grc' dir='ltr'><strong><em>τὴν</em></strong></span> <span class='ocrx_word' id='word_1_12' title='bbox 1572 336 1672 377; x_wconf 83' lang='grc' dir='ltr'><strong><em>συμ-</em></strong></span> 
     </span>
     <span class='ocr_line' id='line_1_3' title="bbox 314 382 1672 448; baseline 0 -17"><span class='ocrx_word' id='word_1_13' title='bbox 314 391 480 444; x_wconf 88' lang='grc' dir='ltr'><strong><em>μαχίαν,</em></strong></span> <span class='ocrx_word' id='word_1_14' title='bbox 505 382 536 448; x_wconf 76' lang='grc' dir='ltr'><strong><em>ᾧ</em></strong></span> <span class='ocrx_word' id='word_1_15' title='bbox 560 389 669 447; x_wconf 80' lang='grc' dir='ltr'><strong><em>μόνῳ</em></strong></span> <span class='ocrx_word' id='word_1_16' title='bbox 694 388 768 442; x_wconf 84' lang='grc' dir='ltr'><strong><em>τὴν</em></strong></span> <span class='ocrx_word' id='word_1_17' title='bbox 787 389 962 442; x_wconf 85' lang='grc' dir='ltr'><strong><em>δύναμιν</em></strong></span> <span class='ocrx_word' id='word_1_18' title='bbox 980 388 1103 441; x_wconf 78' lang='grc' dir='ltr'><strong><em>αὐτῆς</em></strong></span> <span class='ocrx_word' id='word_1_19' title='bbox 1128 383 1182 442; x_wconf 81' lang='grc' dir='ltr'><strong><em>ἦν</em></strong></span> <span class='ocrx_word' id='word_1_20' title='bbox 1206 389 1317 431; x_wconf 84' lang='grc' dir='ltr'><strong><em>ἰδεῖν.</em></strong></span> <span class='ocrx_word' id='word_1_21' title='bbox 1350 389 1398 431; x_wconf 81' lang='grc' dir='ltr'><strong><em>οὐ</em></strong></span> <span class='ocrx_word' id='word_1_22' title='bbox 1416 389 1492 445; x_wconf 87' lang='grc' dir='ltr'><strong><em>γὰρ</em></strong></span> <span class='ocrx_word' id='word_1_23' title='bbox 1517 387 1672 442; x_wconf 78' lang='grc' dir='ltr'><strong><em>ὀφθαλ-</em></strong></span> 
     </span>
     <span class='ocr_line' id='line_1_4' title="bbox 315 453 1672 512; baseline 0.001 -16"><span class='ocrx_word' id='word_1_24' title='bbox 315 460 377 512; x_wconf 79' lang='grc' dir='ltr'><strong><em>μῷ</em></strong></span> <span class='ocrx_word' id='word_1_25' title='bbox 400 471 444 510; x_wconf 88' lang='grc' dir='ltr'><strong><em>γε</em></strong></span> <span class='ocrx_word' id='word_1_26' title='bbox 470 455 643 510; x_wconf 78' lang='grc' dir='ltr'><strong><em>ἐκρίνετο</em></strong></span> <span class='ocrx_word' id='word_1_27' title='bbox 667 453 740 508; x_wconf 73' lang='grc' dir='ltr'><strong><em>ἄν,</em></strong></span> <span class='ocrx_word' id='word_1_28' title='bbox 759 454 857 495; x_wconf 83' lang='grc' dir='ltr'><strong><em>ἀλλὰ</em></strong></span> <span class='ocrx_word' id='word_1_29' title='bbox 887 458 940 510; x_wconf 83' lang='grc' dir='ltr'><strong><em>τῷ</em></strong></span> <span class='ocrx_word' id='word_1_30' title='bbox 959 457 1134 496; x_wconf 83' lang='grc' dir='ltr'><strong><em>κωλῦσαι</em></strong></span> <span class='ocrx_word' id='word_1_31' title='bbox 1158 454 1201 495; x_wconf 87' lang='grc' dir='ltr'><strong><em>τὸ</em></strong></span> <span class='ocrx_word' id='word_1_32' title='bbox 1226 455 1383 508; x_wconf 87' lang='grc' dir='ltr'><strong><em>νόσημα</em></strong></span> <span class='ocrx_word' id='word_1_33' title='bbox 1413 454 1468 508; x_wconf 78' lang='grc' dir='ltr'><strong><em>μὴ</em></strong></span> <span class='ocrx_word' id='word_1_34' title='bbox 1496 453 1550 504; x_wconf 78' lang='grc' dir='ltr'><strong><em>ὡς</em></strong></span> <span class='ocrx_word' id='word_1_35' title='bbox 1573 456 1672 511; x_wconf 85' lang='grc' dir='ltr'><strong><em>πρό-</em></strong></span> 
     </span>
     <span class='ocr_line' id='line_1_5' title="bbox 313 515 1671 574; baseline 0.001 -12"><span class='ocrx_word' id='word_1_36' title='bbox 313 537 427 574; x_wconf 83' lang='grc' dir='ltr'><strong><em>τερον</em></strong></span> <span class='ocrx_word' id='word_1_37' title='bbox 451 521 645 562; x_wconf 79' lang='grc' dir='ltr'><strong><em>ἐπελθεῖν.</em></strong></span> <span class='ocrx_word' id='word_1_38' title='bbox 674 523 712 561; x_wconf 88' lang='grc'><strong><em>3.</em></strong></span> <span class='ocrx_word' id='word_1_39' title='bbox 740 520 762 561; x_wconf 80' lang='grc' dir='ltr'>ὅ</span> <span class='ocrx_word' id='word_1_40' title='bbox 786 536 823 560; x_wconf 93' lang='grc' dir='ltr'><strong><em>τι</em></strong></span> <span class='ocrx_word' id='word_1_41' title='bbox 848 515 885 561; x_wconf 85' lang='grc' dir='ltr'><strong><em>δ’</em></strong></span> <span class='ocrx_word' id='word_1_42' title='bbox 909 515 986 561; x_wconf 77' lang='grc' dir='ltr'><strong><em>οὖν</em></strong></span> <span class='ocrx_word' id='word_1_43' title='bbox 1003 518 1170 574; x_wconf 76' lang='grc' dir='ltr'><strong><em>ἤνεγκεν</em></strong></span> <span class='ocrx_word' id='word_1_44' title='bbox 1189 517 1211 560; x_wconf 77' lang='grc' dir='ltr'>ὃ</span> <span class='ocrx_word' id='word_1_45' title='bbox 1230 519 1459 574; x_wconf 80' lang='grc' dir='ltr'><strong><em>πέπομφας,</em></strong></span> <span class='ocrx_word' id='word_1_46' title='bbox 1476 519 1671 563; x_wconf 69' lang='grc' dir='ltr'><strong><em>ἄκουσον·</em></strong></span> 
     </span>
     <span class='ocr_line' id='line_1_6' title="bbox 276 581 1674 642; baseline 0 -14"><span class='ocrx_word' id='word_1_47' title='bbox 276 602 293 628; x_wconf 77' lang='lat'><strong>⁶</strong></span> <span class='ocrx_word' id='word_1_48' title='bbox 312 586 388 641; x_wconf 85' lang='grc' dir='ltr'><strong><em>ἐρῶ</em></strong></span> <span class='ocrx_word' id='word_1_49' title='bbox 420 585 463 628; x_wconf 81' lang='grc' dir='ltr'><strong><em>δὲ</em></strong></span> <span class='ocrx_word' id='word_1_50' title='bbox 497 586 587 628; x_wconf 84' lang='grc' dir='ltr'><strong><em>οὔτε</em></strong></span> <span class='ocrx_word' id='word_1_51' title='bbox 618 587 751 639; x_wconf 79' lang='grc' dir='ltr'><strong><em>μεῖζον</em></strong></span> <span class='ocrx_word' id='word_1_52' title='bbox 782 584 902 627; x_wconf 75' lang='grc' dir='ltr'><strong><em>οὐδὲν</em></strong></span> <span class='ocrx_word' id='word_1_53' title='bbox 927 581 1012 627; x_wconf 79' lang='grc' dir='ltr'><strong><em>οὔτ’</em></strong></span> <span class='ocrx_word' id='word_1_54' title='bbox 1033 584 1204 627; x_wconf 75' lang='grc' dir='ltr'><strong><em>ἔλαττον.</em></strong></span> <span class='ocrx_word' id='word_1_55' title='bbox 1245 585 1316 634; x_wconf 80' lang='grc' dir='ltr'><strong><em>τὰς</em></strong></span> <span class='ocrx_word' id='word_1_56' title='bbox 1346 585 1418 639; x_wconf 81' lang='grc' dir='ltr'><strong><em>μὲν</em></strong></span> <span class='ocrx_word' id='word_1_57' title='bbox 1447 587 1674 642; x_wconf 81' lang='grc' dir='ltr'><strong><em>προσβολὰς</em></strong></span> 
     </span>
     <span class='ocr_line' id='line_1_7' title="bbox 312 648 1671 709; baseline 0 -15"><span class='ocrx_word' id='word_1_58' title='bbox 312 652 412 702; x_wconf 82' lang='grc' dir='ltr'><strong><em>ὅλως</em></strong></span> <span class='ocrx_word' id='word_1_59' title='bbox 444 652 519 693; x_wconf 80' lang='grc' dir='ltr'><strong><em>οὐκ</em></strong></span> <span class='ocrx_word' id='word_1_60' title='bbox 548 650 770 709; x_wconf 78' lang='grc' dir='ltr'><strong><em>ἀνῄρηκεν,</em></strong></span> <span class='ocrx_word' id='word_1_61' title='bbox 795 650 1035 705; x_wconf 82' lang='grc' dir='ltr'><strong><em>βραχυτέρας</em></strong></span> <span class='ocrx_word' id='word_1_62' title='bbox 1063 648 1106 691; x_wconf 75' lang='grc' dir='ltr'><strong><em>δὲ</em></strong></span> <span class='ocrx_word' id='word_1_63' title='bbox 1136 650 1236 692; x_wconf 86' lang='grc' dir='ltr'><strong><em>κατὰ</em></strong></span> <span class='ocrx_word' id='word_1_64' title='bbox 1260 650 1330 692; x_wconf 88' lang='grc' dir='ltr'><strong><em>τὸν</em></strong></span> <span class='ocrx_word' id='word_1_65' title='bbox 1363 651 1508 706; x_wconf 90' lang='grc' dir='ltr'><strong><em>χρόνον</em></strong></span> <span class='ocrx_word' id='word_1_66' title='bbox 1537 652 1671 705; x_wconf 84' lang='grc' dir='ltr'><strong><em>ἐποίη-</em></strong></span> 
     </span>
     <span class='ocr_line' id='line_1_8' title="bbox 311 715 1672 772; baseline 0 -13"><span class='ocrx_word' id='word_1_67' title='bbox 311 727 397 759; x_wconf 92' lang='grc' dir='ltr'><strong><em>σεν·</em></strong></span> <span class='ocrx_word' id='word_1_68' title='bbox 416 717 505 759; x_wconf 81' lang='grc' dir='ltr'><strong><em>ἀντὶ</em></strong></span> <span class='ocrx_word' id='word_1_69' title='bbox 522 717 597 772; x_wconf 82' lang='grc' dir='ltr'><strong><em>γὰρ</em></strong></span> <span class='ocrx_word' id='word_1_70' title='bbox 617 715 776 771; x_wconf 80' lang='grc' dir='ltr'><strong><em>ἡμερῶν</em></strong></span> <span class='ocrx_word' id='word_1_71' title='bbox 795 715 891 758; x_wconf 78' lang='grc' dir='ltr'><strong><em>ἑπτὰ</em></strong></span> <span class='ocrx_word' id='word_1_72' title='bbox 907 715 975 757; x_wconf 75' lang='grc' dir='ltr'><strong><em>καὶ</em></strong></span> <span class='ocrx_word' id='word_1_73' title='bbox 993 716 1048 757; x_wconf 77' lang='grc' dir='ltr'><strong><em>ἔτι</em></strong></span> <span class='ocrx_word' id='word_1_74' title='bbox 1072 717 1268 758; x_wconf 90' lang='grc' dir='ltr'><strong><em>πλειόνων</em></strong></span> <span class='ocrx_word' id='word_1_75' title='bbox 1285 717 1343 766; x_wconf 84' lang='grc' dir='ltr'><strong><em>εἷς</em></strong></span> <span class='ocrx_word' id='word_1_76' title='bbox 1361 717 1435 758; x_wconf 82' lang='grc' dir='ltr'><strong><em>δύο</em></strong></span> <span class='ocrx_word' id='word_1_77' title='bbox 1455 716 1672 759; x_wconf 81' lang='grc' dir='ltr'><strong><em>συνέστειλε</em></strong></span> 
     </span>
     <span class='ocr_line' id='line_1_9' title="bbox 310 780 1672 838; baseline -0.001 -13"><span class='ocrx_word' id='word_1_78' title='bbox 310 783 355 825; x_wconf 84' lang='grc' dir='ltr'><strong><em>τὸ</em></strong></span> <span class='ocrx_word' id='word_1_79' title='bbox 379 784 526 834; x_wconf 71' lang='grc' dir='ltr'><strong><em>πάθος,</em></strong></span> <span class='ocrx_word' id='word_1_80' title='bbox 547 783 620 824; x_wconf 84' lang='grc' dir='ltr'><strong><em>ὅσα</em></strong></span> <span class='ocrx_word' id='word_1_81' title='bbox 644 798 686 838; x_wconf 90' lang='grc' dir='ltr'><strong><em>γε</em></strong></span> <span class='ocrx_word' id='word_1_82' title='bbox 705 782 749 824; x_wconf 84' lang='grc' dir='ltr'><strong><em>ἐκ</em></strong></span> <span class='ocrx_word' id='word_1_83' title='bbox 767 789 847 823; x_wconf 83' lang='grc' dir='ltr'><strong><em>τῶν</em></strong></span> <span class='ocrx_word' id='word_1_84' title='bbox 865 780 1163 836; x_wconf 80' lang='grc' dir='ltr'><strong><em>πεπραγμένων.</em></strong></span> <span class='ocrx_word' id='word_1_85' title='bbox 1195 782 1239 823; x_wconf 86' lang='grc' dir='ltr'><strong><em>τὸ</em></strong></span> <span class='ocrx_word' id='word_1_86' title='bbox 1259 781 1399 835; x_wconf 83' lang='grc' dir='ltr'><strong><em>μέλλον</em></strong></span> <span class='ocrx_word' id='word_1_87' title='bbox 1418 781 1461 824; x_wconf 83' lang='grc' dir='ltr'><strong><em>δὲ</em></strong></span> <span class='ocrx_word' id='word_1_88' title='bbox 1485 782 1672 836; x_wconf 84' lang='grc' dir='ltr'><strong><em>ἀφείσθω</em></strong></span> 
     </span>
     <span class='ocr_line' id='line_1_10' title="bbox 310 843 1671 908; baseline 0.001 -19"><span class='ocrx_word' id='word_1_89' title='bbox 310 853 364 906; x_wconf 82' lang='grc' dir='ltr'><strong><em>τῷ</em></strong></span> <span class='ocrx_word' id='word_1_90' title='bbox 389 854 482 908; x_wconf 77' lang='grc' dir='ltr'><strong><em>θεῷ.</em></strong></span> <span class='ocrx_word' id='word_1_91' title='bbox 515 852 554 891; x_wconf 83' lang='grc'><strong><em>4.</em></strong></span> <span class='ocrx_word' id='word_1_92' title='bbox 579 853 662 898; x_wconf 86' lang='grc' dir='ltr'><strong><em>τοῖς</em></strong></span> <span class='ocrx_word' id='word_1_93' title='bbox 688 847 761 902; x_wconf 78' lang='grc' dir='ltr'><strong><em>μὲν</em></strong></span> <span class='ocrx_word' id='word_1_94' title='bbox 785 843 860 889; x_wconf 83' lang='grc' dir='ltr'><strong><em>οὖν</em></strong></span> <span class='ocrx_word' id='word_1_95' title='bbox 886 848 1054 903; x_wconf 81' lang='grc' dir='ltr'><strong><em>ἰατροῖς,</em></strong></span> <span class='ocrx_word' id='word_1_96' title='bbox 1078 870 1126 877; x_wconf 91' lang='grc'>-</span> <span class='ocrx_word' id='word_1_97' title='bbox 1151 846 1212 889; x_wconf 78' lang='grc' dir='ltr'><strong><em>ἀεὶ</em></strong></span> <span class='ocrx_word' id='word_1_98' title='bbox 1243 846 1285 888; x_wconf 82' lang='grc' dir='ltr'><strong><em>δὲ</em></strong></span> <span class='ocrx_word' id='word_1_99' title='bbox 1317 843 1428 889; x_wconf 76' lang='grc' dir='ltr'><strong><em>οὗτοι</em></strong></span> <span class='ocrx_word' id='word_1_100' title='bbox 1457 848 1671 904; x_wconf 78' lang='grc' dir='ltr'><strong><em>διασύρου-</em></strong></span> 
     </span>
     <span class='ocr_line' id='line_1_11' title="bbox 257 911 1670 971; baseline -0.001 -15"><span class='ocrx_word' id='word_1_101' title='bbox 257 930 292 956; x_wconf 89' lang='grc' dir='ltr'><strong><em>ιο</em></strong></span> <span class='ocrx_word' id='word_1_102' title='bbox 311 927 376 956; x_wconf 92' lang='grc' dir='ltr'><strong><em>σιν</em></strong></span> <span class='ocrx_word' id='word_1_103' title='bbox 402 914 425 956; x_wconf 79' lang='grc' dir='ltr'>ὅ</span> <span class='ocrx_word' id='word_1_104' title='bbox 454 931 490 955; x_wconf 89' lang='grc' dir='ltr'><strong><em>τι</em></strong></span> <span class='ocrx_word' id='word_1_105' title='bbox 515 913 566 955; x_wconf 75' lang='grc' dir='ltr'><strong><em>ἂν</em></strong></span> <span class='ocrx_word' id='word_1_106' title='bbox 591 913 724 955; x_wconf 80' lang='grc' dir='ltr'><strong><em>αὐτῶν</em></strong></span> <span class='ocrx_word' id='word_1_107' title='bbox 753 913 827 964; x_wconf 78' lang='grc' dir='ltr'><strong><em>ἔξω</em></strong></span> <span class='ocrx_word' id='word_1_108' title='bbox 857 919 928 967; x_wconf 82' lang='grc' dir='ltr'><strong><em>τῆς</em></strong></span> <span class='ocrx_word' id='word_1_109' title='bbox 957 911 1095 967; x_wconf 84' lang='grc' dir='ltr'><strong><em>τέχνης</em></strong></span> <span class='ocrx_word' id='word_1_110' title='bbox 1125 912 1175 954; x_wconf 76' lang='grc' dir='ltr'><strong><em>ὂν</em></strong></span> <span class='ocrx_word' id='word_1_111' title='bbox 1199 914 1332 966; x_wconf 80' lang='grc' dir='ltr'><strong><em>μεῖζον</em></strong></span> <span class='ocrx_word' id='word_1_112' title='bbox 1365 913 1480 971; x_wconf 77' lang='grc' dir='ltr'><strong><em>ἰσχύῃ</em></strong></span> <span class='ocrx_word' id='word_1_113' title='bbox 1510 919 1581 967; x_wconf 84' lang='grc' dir='ltr'><strong><em>τῆς</em></strong></span> <span class='ocrx_word' id='word_1_114' title='bbox 1611 913 1670 955; x_wconf 87' lang='grc' dir='ltr'><strong><em>τέ-</em></strong></span> 
     </span>
     <span class='ocr_line' id='line_1_12' title="bbox 310 971 1671 1034; baseline 0 -13"><span class='ocrx_word' id='word_1_115' title='bbox 310 996 409 1034; x_wconf 90' lang='grc' dir='ltr'><strong><em>χνης</em></strong></span> <span class='ocrx_word' id='word_1_116' title='bbox 422 1003 484 1032; x_wconf 85' lang='grc'><strong><em>-,</em></strong></span> <span class='ocrx_word' id='word_1_117' title='bbox 498 980 573 1021; x_wconf 82' lang='grc' dir='ltr'><strong><em>οὐκ</em></strong></span> <span class='ocrx_word' id='word_1_118' title='bbox 598 978 762 1020; x_wconf 77' lang='grc' dir='ltr'><strong><em>ἐνθένδε</em></strong></span> <span class='ocrx_word' id='word_1_119' title='bbox 788 979 974 1030; x_wconf 82' lang='grc' dir='ltr'><strong><em>φαίνεταί</em></strong></span> <span class='ocrx_word' id='word_1_120' title='bbox 995 994 1031 1019; x_wconf 86' lang='grc' dir='ltr'><strong><em>τι</em></strong></span> <span class='ocrx_word' id='word_1_121' title='bbox 1049 977 1254 1033; x_wconf 88' lang='grc' dir='ltr'><strong><em>γεγονέναι</em></strong></span> <span class='ocrx_word' id='word_1_122' title='bbox 1277 971 1459 1032; x_wconf 87' lang='grc' dir='ltr'><strong><em>χρηστόν,</em></strong></span> <span class='ocrx_word' id='word_1_123' title='bbox 1484 975 1568 1021; x_wconf 83' lang='grc' dir='ltr'><strong><em>ἀλλ’</em></strong></span> <span class='ocrx_word' id='word_1_124' title='bbox 1590 977 1671 1021; x_wconf 75' lang='grc' dir='ltr'><strong><em>ἀπὸ</em></strong></span> 
     </span>
     <span class='ocr_line' id='line_1_13' title="bbox 310 1043 1672 1098; baseline -0.001 -11"><span class='ocrx_word' id='word_1_125' title='bbox 310 1053 382 1087; x_wconf 87' lang='grc' dir='ltr'><strong><em>τοῦ</em></strong></span> <span class='ocrx_word' id='word_1_126' title='bbox 407 1046 648 1087; x_wconf 81' lang='grc' dir='ltr'><strong><em>κεκολάσθαι</em></strong></span> <span class='ocrx_word' id='word_1_127' title='bbox 672 1044 720 1086; x_wconf 81' lang='grc' dir='ltr'><strong><em>τὰ</em></strong></span> <span class='ocrx_word' id='word_1_128' title='bbox 744 1044 834 1098; x_wconf 82' lang='grc' dir='ltr'><strong><em>περὶ</em></strong></span> <span class='ocrx_word' id='word_1_129' title='bbox 857 1044 931 1098; x_wconf 81' lang='grc' dir='ltr'><strong><em>τὴν</em></strong></span> <span class='ocrx_word' id='word_1_130' title='bbox 955 1044 1165 1098; x_wconf 79' lang='grc' dir='ltr'><strong><em>τράπεζαν·</em></strong></span> <span class='ocrx_word' id='word_1_131' title='bbox 1192 1043 1290 1096; x_wconf 82' lang='grc' dir='ltr'><strong><em>ἐμοῦ</em></strong></span> <span class='ocrx_word' id='word_1_132' title='bbox 1324 1043 1368 1085; x_wconf 81' lang='grc' dir='ltr'><strong><em>ὸὲ</em></strong></span> <span class='ocrx_word' id='word_1_133' title='bbox 1392 1051 1507 1086; x_wconf 79' lang='grc' dir='ltr'><strong><em>τοῦτο</em></strong></span> <span class='ocrx_word' id='word_1_134' title='bbox 1538 1043 1672 1094; x_wconf 77' lang='grc' dir='ltr'><strong><em>οὐδεὶς</em></strong></span> 
     </span>
     <span class='ocr_line' id='line_1_14' title="bbox 308 1107 1669 1166; baseline -0.004 -13"><span class='ocrx_word' id='word_1_135' title='bbox 308 1112 567 1166; x_wconf 81' lang='grc' dir='ltr'><strong><em>ἐξαιρήσεται,</em></strong></span> <span class='ocrx_word' id='word_1_136' title='bbox 597 1110 651 1160; x_wconf 81' lang='grc' dir='ltr'><strong><em>ὥς</em></strong></span> <span class='ocrx_word' id='word_1_137' title='bbox 683 1110 759 1153; x_wconf 71' lang='grc' dir='ltr'><strong><em>οὐκ</em></strong></span> <span class='ocrx_word' id='word_1_138' title='bbox 789 1109 964 1161; x_wconf 77' lang='grc' dir='ltr'><strong><em>ἐκεῖθεν,</em></strong></span> <span class='ocrx_word' id='word_1_139' title='bbox 998 1108 1096 1150; x_wconf 80' lang='grc' dir='ltr'><strong><em>ἀλλὰ</em></strong></span> <span class='ocrx_word' id='word_1_140' title='bbox 1125 1109 1232 1164; x_wconf 83' lang='grc' dir='ltr'><strong><em>παρὰ</em></strong></span> <span class='ocrx_word' id='word_1_141' title='bbox 1270 1115 1345 1151; x_wconf 80' lang='grc' dir='ltr'><strong><em>σοῦ</em></strong></span> <span class='ocrx_word' id='word_1_142' title='bbox 1374 1108 1518 1164; x_wconf 79' lang='grc' dir='ltr'><strong><em>γέγονα</em></strong></span> <span class='ocrx_word' id='word_1_143' title='bbox 1547 1107 1669 1166; x_wconf 75' lang='grc' dir='ltr'><strong><em>ῥᾴων.</em></strong></span> 
     </span>
     <span class='ocr_line' id='line_1_15' title="bbox 311 1174 1672 1231; baseline -0.003 -12"><span class='ocrx_word' id='word_1_144' title='bbox 311 1181 349 1219; x_wconf 87' lang='lat'><strong><em>5.</em></strong></span> <span class='ocrx_word' id='word_1_145' title='bbox 375 1175 397 1218; x_wconf 81' lang='grc' dir='ltr'>ὃ</span> <span class='ocrx_word' id='word_1_146' title='bbox 423 1176 685 1230; x_wconf 80' lang='grc' dir='ltr'><strong><em>πεπεισμένον</em></strong></span> <span class='ocrx_word' id='word_1_147' title='bbox 717 1175 874 1231; x_wconf 81' lang='grc' dir='ltr'><strong><em>ἀνάγκη</em></strong></span> <span class='ocrx_word' id='word_1_148' title='bbox 905 1174 1026 1216; x_wconf 87' lang='grc' dir='ltr'><strong><em>πλέον</em></strong></span> <span class='ocrx_word' id='word_1_149' title='bbox 1049 1174 1076 1228; x_wconf 75' lang='grc' dir='ltr'><strong>ἢ</strong></span> <span class='ocrx_word' id='word_1_150' title='bbox 1100 1174 1178 1229; x_wconf 86' lang='grc' dir='ltr'><strong><em>πρὸ</em></strong></span> <span class='ocrx_word' id='word_1_151' title='bbox 1203 1181 1275 1216; x_wconf 84' lang='grc' dir='ltr'><strong><em>τοῦ</em></strong></span> <span class='ocrx_word' id='word_1_152' title='bbox 1305 1177 1460 1228; x_wconf 84' lang='grc' dir='ltr'><strong><em>φιλεῖν,</em></strong></span> <span class='ocrx_word' id='word_1_153' title='bbox 1490 1174 1672 1229; x_wconf 81' lang='grc' dir='ltr'><strong><em>ἀμοιβῶν</em></strong></span> 
     </span>
     <span class='ocr_line' id='line_1_16' title="bbox 259 1240 1245 1297; baseline -0.005 -12"><span class='ocrx_word' id='word_1_154' title='bbox 259 1258 292 1285; x_wconf 74' lang='lat'><strong><em>1⁶</em></strong></span> <span class='ocrx_word' id='word_1_155' title='bbox 313 1241 669 1297; x_wconf 79' lang='grc' dir='ltr'><strong><em>δὲπαραπλησίων</em></strong></span> <span class='ocrx_word' id='word_1_156' title='bbox 694 1240 749 1294; x_wconf 86' lang='grc' dir='ltr'><strong><em>μή</em></strong></span> <span class='ocrx_word' id='word_1_157' title='bbox 775 1252 838 1282; x_wconf 91' lang='grc' dir='ltr'><strong><em>σοι</em></strong></span> <span class='ocrx_word' id='word_1_158' title='bbox 863 1241 1029 1294; x_wconf 78' lang='grc' dir='ltr'><strong><em>δεηθείη</em></strong></span> <span class='ocrx_word' id='word_1_159' title='bbox 1054 1240 1097 1282; x_wconf 88' lang='grc' dir='ltr'><strong><em>τὸ</em></strong></span> <span class='ocrx_word' id='word_1_160' title='bbox 1123 1246 1245 1293; x_wconf 88' lang='grc' dir='ltr'><strong><em>σῶμα.</em></strong></span> 
     </span>
    </p>
   </div>
   <div class='ocr_carea' id='block_1_3' title="bbox 236 1380 1670 1801">
    <p class='ocr_par' dir='ltr' id='par_1_3' title="bbox 236 1380 1670 1801">
     <span class='ocr_line' id='line_1_17' title="bbox 236 1380 1038 1432; baseline 0.011 -16"><span class='ocrx_word' id='word_1_161' title='bbox 236 1381 285 1416; x_wconf 88' lang='lat' dir='ltr'>W</span> <span class='ocrx_word' id='word_1_162' title='bbox 308 1384 400 1417; x_wconf 83' lang='lat'>1185</span> <span class='ocrx_word' id='word_1_163' title='bbox 939 1380 1038 1432; x_wconf 65' lang='lat' dir='ltr'>vqt&#39;.</span> 
     </span>
     <span class='ocr_line' id='line_1_18' title="bbox 772 1467 1204 1523; baseline 0.007 -15"><span class='ocrx_word' id='word_1_164' title='bbox 772 1467 1064 1523; x_wconf 81' lang='grc' dir='ltr'><strong><em>Στρατηγίῳ.</em></strong></span> <span class='ocrx_word' id='word_1_165' title='bbox 1098 1476 1204 1520; x_wconf 85' lang='grc'><strong><em>(356)</em></strong></span> 
     </span>
     <span class='ocr_line' id='line_1_19' title="bbox 369 1548 1670 1606; baseline -0.001 -13"><span class='ocrx_word' id='word_1_166' title='bbox 369 1556 405 1593; x_wconf 92' lang='grc'><strong><em>1.</em></strong></span> <span class='ocrx_word' id='word_1_167' title='bbox 427 1548 676 1606; x_wconf 82' lang='grc' dir='ltr'><strong><em>Ἠλγήσαμέν</em></strong></span> <span class='ocrx_word' id='word_1_168' title='bbox 702 1566 739 1592; x_wconf 87' lang='grc' dir='ltr'><strong><em>τε</em></strong></span> <span class='ocrx_word' id='word_1_169' title='bbox 766 1549 819 1599; x_wconf 77' lang='grc' dir='ltr'><strong><em>ὣς</em></strong></span> <span class='ocrx_word' id='word_1_170' title='bbox 844 1550 956 1591; x_wconf 79' lang='grc' dir='ltr'><strong><em>οὔπω</em></strong></span> <span class='ocrx_word' id='word_1_171' title='bbox 982 1549 1173 1604; x_wconf 87' lang='grc' dir='ltr'><strong><em>πρότερον</em></strong></span> <span class='ocrx_word' id='word_1_172' title='bbox 1197 1548 1264 1590; x_wconf 82' lang='grc' dir='ltr'><strong><em>καὶ</em></strong></span> <span class='ocrx_word' id='word_1_173' title='bbox 1295 1550 1479 1603; x_wconf 79' lang='grc' dir='ltr'><strong><em>ἥσθημεν</em></strong></span> <span class='ocrx_word' id='word_1_174' title='bbox 1511 1548 1564 1599; x_wconf 78' lang='grc' dir='ltr'><strong><em>ὡς</em></strong></span> <span class='ocrx_word' id='word_1_175' title='bbox 1591 1550 1670 1592; x_wconf 78' lang='grc' dir='ltr'><strong><em>οὐκ</em></strong></span> 
     </span>
     <span class='ocr_line' id='line_1_20' title="bbox 307 1613 1666 1670; baseline 0 -12"><span class='ocrx_word' id='word_1_176' title='bbox 307 1616 459 1658; x_wconf 73' lang='grc' dir='ltr'><strong><em>ἄλλοτε·</em></strong></span> <span class='ocrx_word' id='word_1_177' title='bbox 486 1617 530 1659; x_wconf 90' lang='grc' dir='ltr'><strong><em>τὸ</em></strong></span> <span class='ocrx_word' id='word_1_178' title='bbox 556 1616 641 1670; x_wconf 90' lang='grc' dir='ltr'><strong><em>με’ν,</em></strong></span> <span class='ocrx_word' id='word_1_179' title='bbox 667 1616 727 1657; x_wconf 85' lang='grc' dir='ltr'><strong><em>ὅτι</em></strong></span> <span class='ocrx_word' id='word_1_180' title='bbox 752 1628 816 1657; x_wconf 89' lang='grc' dir='ltr'><strong><em>σοι</em></strong></span> <span class='ocrx_word' id='word_1_181' title='bbox 846 1615 1015 1668; x_wconf 77' lang='grc' dir='ltr'><strong><em>ἔκαμνεν</em></strong></span> <span class='ocrx_word' id='word_1_182' title='bbox 1039 1613 1065 1668; x_wconf 83' lang='grc' dir='ltr'>ἡ</span> <span class='ocrx_word' id='word_1_183' title='bbox 1092 1615 1216 1670; x_wconf 85' lang='grc' dir='ltr'><strong><em>γυνή,</em></strong></span> <span class='ocrx_word' id='word_1_184' title='bbox 1246 1615 1350 1670; x_wconf 84' lang='grc' dir='ltr'><strong><em>γυνὴ</em></strong></span> <span class='ocrx_word' id='word_1_185' title='bbox 1375 1615 1443 1664; x_wconf 81' lang='grc' dir='ltr'><strong><em>τὰς</em></strong></span> <span class='ocrx_word' id='word_1_186' title='bbox 1468 1614 1666 1669; x_wconf 76' lang='grc' dir='ltr'><strong><em>ὑμνουμέ-</em></strong></span> 
     </span>
     <span class='ocr_line' id='line_1_21' title="bbox 251 1677 1667 1738; baseline 0 -15"><span class='ocrx_word' id='word_1_187' title='bbox 251 1705 286 1730; x_wconf 73' lang='lat'><strong><em>,0</em></strong></span> <span class='ocrx_word' id='word_1_188' title='bbox 308 1699 379 1731; x_wconf 91' lang='grc' dir='ltr'><strong><em>νας</em></strong></span> <span class='ocrx_word' id='word_1_189' title='bbox 398 1681 514 1738; x_wconf 81' lang='grc' dir='ltr'><strong><em>ἀρετῇ</em></strong></span> <span class='ocrx_word' id='word_1_190' title='bbox 544 1689 704 1734; x_wconf 82' lang='grc' dir='ltr'><strong><em>νικῶσα,</em></strong></span> <span class='ocrx_word' id='word_1_191' title='bbox 728 1681 804 1734; x_wconf 82' lang='grc' dir='ltr'><strong><em>τὴν</em></strong></span> <span class='ocrx_word' id='word_1_192' title='bbox 828 1679 872 1722; x_wconf 80' lang='grc' dir='ltr'><strong><em>δὲ</em></strong></span> <span class='ocrx_word' id='word_1_193' title='bbox 890 1681 1093 1733; x_wconf 81' lang='grc' dir='ltr'><strong><em>εὐθυμίαν</em></strong></span> <span class='ocrx_word' id='word_1_194' title='bbox 1112 1679 1235 1722; x_wconf 78' lang='grc' dir='ltr'><strong><em>ἐποίει</em></strong></span> <span class='ocrx_word' id='word_1_195' title='bbox 1265 1680 1308 1722; x_wconf 89' lang='grc' dir='ltr'><strong><em>τὸ</em></strong></span> <span class='ocrx_word' id='word_1_196' title='bbox 1329 1680 1403 1734; x_wconf 76' lang='grc' dir='ltr'><strong><em>τὴν</em></strong></span> <span class='ocrx_word' id='word_1_197' title='bbox 1428 1681 1549 1722; x_wconf 90' lang='grc' dir='ltr'><strong><em>νόσον</em></strong></span> <span class='ocrx_word' id='word_1_198' title='bbox 1567 1677 1667 1731; x_wconf 79' lang='grc' dir='ltr'><strong><em>εἶξαι</em></strong></span> 
     </span>
     <span class='ocr_line' id='line_1_22' title="bbox 307 1742 1666 1801; baseline -0.001 -13"><span class='ocrx_word' id='word_1_199' title='bbox 307 1752 389 1797; x_wconf 83' lang='grc' dir='ltr'><strong><em>τοῖς</em></strong></span> <span class='ocrx_word' id='word_1_200' title='bbox 415 1748 574 1799; x_wconf 85' lang='grc' dir='ltr'><strong><em>ἰατροῖς.</em></strong></span> <span class='ocrx_word' id='word_1_201' title='bbox 607 1742 651 1788; x_wconf 79' lang='grc' dir='ltr'><strong><em>εὖ</em></strong></span> <span class='ocrx_word' id='word_1_202' title='bbox 679 1746 721 1788; x_wconf 82' lang='grc' dir='ltr'><strong><em>δὲ</em></strong></span> <span class='ocrx_word' id='word_1_203' title='bbox 747 1746 941 1799; x_wconf 83' lang='grc' dir='ltr'><strong><em>ἴσθι,’καὶ</em></strong></span> <span class='ocrx_word' id='word_1_204' title='bbox 966 1747 1020 1799; x_wconf 84' lang='grc' dir='ltr'><strong><em>μὴ</em></strong></span> <span class='ocrx_word' id='word_1_205' title='bbox 1040 1746 1248 1800; x_wconf 86' lang='grc' dir='ltr'><strong><em>παρόντων</em></strong></span> <span class='ocrx_word' id='word_1_206' title='bbox 1274 1746 1419 1801; x_wconf 83' lang='grc' dir='ltr'><strong><em>ἰατρῶν</em></strong></span> <span class='ocrx_word' id='word_1_207' title='bbox 1443 1743 1592 1796; x_wconf 79' lang='grc' dir='ltr'><strong><em>ἐσώζετ’</em></strong></span> <span class='ocrx_word' id='word_1_208' title='bbox 1613 1746 1666 1788; x_wconf 73' lang='grc' dir='ltr'><strong><em>ἂν</em></strong></span> 
     </span>
    </p>
   </div>
   <div class='ocr_carea' id='block_1_4' title="bbox 305 1821 587 1830">
    <p class='ocr_par' dir='ltr' id='par_1_4' title="bbox 305 1821 587 1830">
     <span class='ocr_line' id='line_1_23' title="bbox 305 1821 587 1830; baseline 0 0"><span class='ocrx_word' id='word_1_209' title='bbox 305 1821 587 1830; x_wconf 95' lang='lat' dir='ltr'><strong><em> </em></strong></span> 
     </span>
    </p>
   </div>
   <div class='ocr_carea' id='block_1_5' title="bbox 379 1843 1504 1897">
    <p class='ocr_par' dir='ltr' id='par_1_5' title="bbox 379 1843 1504 1897">
     <span class='ocr_line' id='line_1_24' title="bbox 379 1843 1504 1897; baseline -0.002 -10"><span class='ocrx_word' id='word_1_210' title='bbox 379 1855 422 1887; x_wconf 79' lang='grc'><strong><em>16</em></strong></span> <span class='ocrx_word' id='word_1_211' title='bbox 456 1851 505 1887; x_wconf 83' lang='lat' dir='ltr'><strong><em>V!</em></strong></span> <span class='ocrx_word' id='word_1_212' title='bbox 527 1850 574 1896; x_wconf 83' lang='grc' dir='ltr'><strong><em>γ’,</em></strong></span> <span class='ocrx_word' id='word_1_213' title='bbox 600 1850 691 1895; x_wconf 56' lang='grc' dir='ltr'><strong><em>ρπζῖ</em></strong></span> <span class='ocrx_word' id='word_1_214' title='bbox 727 1850 782 1887; x_wconf 85' lang='lat' dir='ltr'><strong><em>Va</em></strong></span> <span class='ocrx_word' id='word_1_215' title='bbox 808 1848 854 1894; x_wconf 81' lang='grc' dir='ltr'><strong><em>ς’,</em></strong></span> <span class='ocrx_word' id='word_1_216' title='bbox 880 1849 927 1886; x_wconf 85' lang='grc' dir='ltr'><strong><em>δ’.</em></strong></span> <span class='ocrx_word' id='word_1_217' title='bbox 953 1849 983 1887; x_wconf 85' lang='lat' dir='ltr'><strong><em>S</em></strong></span> <span class='ocrx_word' id='word_1_218' title='bbox 1006 1848 1054 1894; x_wconf 89' lang='grc' dir='ltr'><strong><em>α’,</em></strong></span> <span class='ocrx_word' id='word_1_219' title='bbox 1079 1843 1148 1885; x_wconf 77' lang='grc' dir='ltr'><strong><em>ιθ’.</em></strong></span> <span class='ocrx_word' id='word_1_220' title='bbox 1183 1850 1229 1886; x_wconf 76' lang='lat' dir='ltr'><strong><em>Vi</em></strong></span> <span class='ocrx_word' id='word_1_221' title='bbox 1252 1848 1358 1897; x_wconf 75' lang='lat' dir='ltr'>[qy&#39;J.</span> <span class='ocrx_word' id='word_1_222' title='bbox 1383 1849 1423 1885; x_wconf 92' lang='lat' dir='ltr'><em>D</em></span> <span class='ocrx_word' id='word_1_223' title='bbox 1447 1849 1504 1886; x_wconf 66' lang='lat'><strong><em>33¹</em></strong></span> 
     </span>
    </p>
   </div>
   <div class='ocr_carea' id='block_1_6' title="bbox 304 1944 1590 2030">
    <p class='ocr_par' dir='ltr' id='par_1_6' title="bbox 304 1944 1590 2030">
     <span class='ocr_line' id='line_1_25' title="bbox 378 1944 1590 1990; baseline 0 -8"><span class='ocrx_word' id='word_1_224' title='bbox 378 1950 421 1983; x_wconf 81' lang='grc'><strong><em>12</em></strong></span> <span class='ocrx_word' id='word_1_225' title='bbox 447 1947 493 1982; x_wconf 84' lang='lat' dir='ltr'><strong><em>cf.</em></strong></span> <span class='ocrx_word' id='word_1_226' title='bbox 514 1948 541 1982; x_wconf 81' lang='lat' dir='ltr'><strong><em>t.</em></strong></span> <span class='ocrx_word' id='word_1_227' title='bbox 560 1945 594 1981; x_wconf 90' lang='lat'><strong><em>11</em></strong></span> <span class='ocrx_word' id='word_1_228' title='bbox 614 1949 695 1990; x_wconf 77' lang='grc'><strong><em>812,</em></strong></span> <span class='ocrx_word' id='word_1_229' title='bbox 711 1949 755 1981; x_wconf 75' lang='grc'><strong><em>18</em></strong></span> <span class='ocrx_word' id='word_1_230' title='bbox 840 1948 883 1981; x_wconf 80' lang='grc'><strong><em>17</em></strong></span> <span class='ocrx_word' id='word_1_231' title='bbox 911 1944 1055 1981; x_wconf 77' lang='lat' dir='ltr'>Sievers</span> <span class='ocrx_word' id='word_1_232' title='bbox 1083 1948 1126 1981; x_wconf 79' lang='grc'><strong><em>72</em></strong></span> <span class='ocrx_word' id='word_1_233' title='bbox 1152 1946 1231 1981; x_wconf 75' lang='lat' dir='ltr'><strong>not.</strong></span> <span class='ocrx_word' id='word_1_234' title='bbox 1251 1948 1272 1980; x_wconf 76' lang='lat'><strong>6</strong></span> <span class='ocrx_word' id='word_1_235' title='bbox 1298 1945 1338 1981; x_wconf 75' lang='lat' dir='ltr'><strong><em>et</em></strong></span> <span class='ocrx_word' id='word_1_236' title='bbox 1362 1947 1407 1981; x_wconf 80' lang='lat'><strong><em>82</em></strong></span> <span class='ocrx_word' id='word_1_237' title='bbox 1433 1946 1510 1981; x_wconf 75' lang='lat' dir='ltr'><strong>not.</strong></span> <span class='ocrx_word' id='word_1_238' title='bbox 1532 1948 1590 1982; x_wconf 85' lang='grc'><strong><em>70.</em></strong></span> 
     </span>
     <span class='ocr_line' id='line_1_26' title="bbox 304 1993 619 2030; baseline -0.003 -1"><span class='ocrx_word' id='word_1_239' title='bbox 304 1993 422 2029; x_wconf 82' lang='lat' dir='ltr'>Seeck</span> <span class='ocrx_word' id='word_1_240' title='bbox 448 1997 528 2030; x_wconf 81' lang='grc'><strong><em>283.</em></strong></span> <span class='ocrx_word' id='word_1_241' title='bbox 548 1996 619 2029; x_wconf 77' lang='grc'><strong><em>830</em></strong></span> 
     </span>
    </p>
   </div>
   <div class='ocr_carea' id='block_1_7' title="bbox 304 1915 592 1926">
    <p class='ocr_par' dir='ltr' id='par_1_7' title="bbox 304 1915 592 1926">
     <span class='ocr_line' id='line_1_27' title="bbox 304 1915 592 1926; baseline 0 0"><span class='ocrx_word' id='word_1_242' title='bbox 304 1915 592 1926; x_wconf 95' lang='lat' dir='ltr'><strong><em> </em></strong></span> 
     </span>
    </p>
   </div>
   <div class='ocr_carea' id='block_1_8' title="bbox 303 2058 591 2069">
    <p class='ocr_par' dir='ltr' id='par_1_8' title="bbox 303 2058 591 2069">
     <span class='ocr_line' id='line_1_28' title="bbox 303 2058 591 2069; baseline 0 0"><span class='ocrx_word' id='word_1_243' title='bbox 303 2058 591 2069; x_wconf 95' lang='lat' dir='ltr'><strong><em> </em></strong></span> 
     </span>
    </p>
   </div>
   <div class='ocr_carea' id='block_1_9' title="bbox 301 2085 1663 2481">
    <p class='ocr_par' dir='ltr' id='par_1_9' title="bbox 301 2085 1663 2468">
     <span class='ocr_line' id='line_1_29' title="bbox 376 2085 1663 2149; baseline 0 -25"><span class='ocrx_word' id='word_1_244' title='bbox 376 2092 398 2124; x_wconf 84' lang='grc'><strong>8</strong></span> <span class='ocrx_word' id='word_1_245' title='bbox 423 2088 488 2133; x_wconf 59' lang='lat' dir='ltr'><strong><em>{xo</em></strong></span> <span class='ocrx_word' id='word_1_246' title='bbox 491 2087 589 2126; x_wconf 75' lang='grc' dir='ltr'><strong><em>ίνιτο</em></strong></span> <span class='ocrx_word' id='word_1_247' title='bbox 617 2088 738 2125; x_wconf 74' lang='lat' dir='ltr'><strong><em>Vned</em></strong></span> <span class='ocrx_word' id='word_1_248' title='bbox 762 2101 783 2124; x_wconf 92' lang='grc' dir='ltr'><strong><em>ο</em></strong></span> <span class='ocrx_word' id='word_1_249' title='bbox 808 2085 874 2124; x_wconf 87' lang='lat' dir='ltr'><strong><em>in&#39;</em></strong></span> <span class='ocrx_word' id='word_1_250' title='bbox 897 2098 980 2124; x_wconf 81' lang='lat' dir='ltr'><strong>con·</strong></span> <span class='ocrx_word' id='word_1_251' title='bbox 1004 2087 1160 2149; x_wconf 68' lang='grc' dir='ltr'><strong><em>ιιιἾτῷ</em></strong></span> <span class='ocrx_word' id='word_1_252' title='bbox 1186 2087 1358 2131; x_wconf 64' lang='lat' dir='ltr'><strong><em>qudafi</em></strong></span> <span class='ocrx_word' id='word_1_253' title='bbox 1383 2098 1429 2123; x_wconf 85' lang='lat' dir='ltr'><strong><em>ex</em></strong></span> <span class='ocrx_word' id='word_1_254' title='bbox 1452 2086 1478 2123; x_wconf 80' lang='grc' dir='ltr'>ὰ</span> <span class='ocrx_word' id='word_1_255' title='bbox 1504 2087 1663 2124; x_wconf 77' lang='lat' dir='ltr'><strong>oon-111⁸</strong></span> 
     </span>
     <span class='ocr_line' id='line_1_30' title="bbox 303 2133 1662 2182; baseline 0 -10"><span class='ocrx_word' id='word_1_256' title='bbox 303 2136 345 2172; x_wconf 84' lang='grc' dir='ltr'><strong><em>τὸ</em></strong></span> <span class='ocrx_word' id='word_1_257' title='bbox 373 2137 426 2172; x_wconf 86' lang='lat' dir='ltr'><strong><em>Va</em></strong></span> <span class='ocrx_word' id='word_1_258' title='bbox 447 2139 454 2182; x_wconf 90' lang='grc' dir='ltr'>Ι</span> <span class='ocrx_word' id='word_1_259' title='bbox 475 2139 640 2172; x_wconf 75' lang='grc' dir='ltr'><strong><em>κωλῦσαι</em></strong></span> <span class='ocrx_word' id='word_1_260' title='bbox 660 2136 707 2172; x_wconf 79' lang='lat' dir='ltr'><strong><em>cf.</em></strong></span> <span class='ocrx_word' id='word_1_261' title='bbox 728 2136 778 2172; x_wconf 68' lang='lat' dir='ltr'><strong><em>ad</em></strong></span> <span class='ocrx_word' id='word_1_262' title='bbox 797 2136 997 2179; x_wconf 75' lang='lat' dir='ltr'><strong>t.12·12‚⁶</strong></span> <span class='ocrx_word' id='word_1_263' title='bbox 1019 2138 1027 2180; x_wconf 70' lang='grc'>1</span> <span class='ocrx_word' id='word_1_264' title='bbox 1047 2136 1098 2178; x_wconf 79' lang='grc' dir='ltr'><strong><em>ὡς</em></strong></span> <span class='ocrx_word' id='word_1_265' title='bbox 1121 2135 1223 2171; x_wconf 73' lang='lat' dir='ltr'><strong>inser</strong></span> <span class='ocrx_word' id='word_1_266' title='bbox 1248 2134 1297 2172; x_wconf 80' lang='lat' dir='ltr'><strong><em>V·</em></strong></span> <span class='ocrx_word' id='word_1_267' title='bbox 1340 2146 1402 2171; x_wconf 89' lang='lat' dir='ltr'><strong><em>om</em></strong></span> <span class='ocrx_word' id='word_1_268' title='bbox 1428 2135 1484 2172; x_wconf 78' lang='lat' dir='ltr'><strong><em>Va</em></strong></span> <span class='ocrx_word' id='word_1_269' title='bbox 1555 2138 1578 2170; x_wconf 77' lang='lat'>4</span> <span class='ocrx_word' id='word_1_270' title='bbox 1603 2133 1662 2172; x_wconf 84' lang='grc' dir='ltr'><strong><em>ὅτι</em></strong></span> 
     </span>
     <span class='ocr_line' id='line_1_31' title="bbox 304 2181 1662 2230; baseline 0.001 -12"><span class='ocrx_word' id='word_1_271' title='bbox 304 2183 392 2220; x_wconf 83' lang='lat' dir='ltr'>libri</span> <span class='ocrx_word' id='word_1_272' title='bbox 417 2183 526 2220; x_wconf 84' lang='lat' dir='ltr'><strong>Wolf</strong></span> <span class='ocrx_word' id='word_1_273' title='bbox 594 2187 617 2220; x_wconf 89' lang='lat'>8</span> <span class='ocrx_word' id='word_1_274' title='bbox 642 2183 710 2227; x_wconf 74' lang='grc' dir='ltr'><strong><em>ἔξω</em></strong></span> <span class='ocrx_word' id='word_1_275' title='bbox 734 2188 801 2230; x_wconf 79' lang='grc' dir='ltr'><strong><em>τῆς</em></strong></span> <span class='ocrx_word' id='word_1_276' title='bbox 823 2184 912 2230; x_wconf 75' lang='lat' dir='ltr'><strong>post</strong></span> <span class='ocrx_word' id='word_1_277' title='bbox 936 2181 979 2219; x_wconf 73' lang='grc' dir='ltr'><strong><em>δὲ</em></strong></span> <span class='ocrx_word' id='word_1_278' title='bbox 1003 2183 1034 2219; x_wconf 90' lang='lat' dir='ltr'><strong><em>V</em></strong></span> <span class='ocrx_word' id='word_1_279' title='bbox 1049 2183 1115 2219; x_wconf 69' lang='lat' dir='ltr'><strong><em>aod</em></strong></span> <span class='ocrx_word' id='word_1_280' title='bbox 1139 2183 1180 2218; x_wconf 86' lang='lat' dir='ltr'><strong><em>in</em></strong></span> <span class='ocrx_word' id='word_1_281' title='bbox 1205 2181 1378 2229; x_wconf 80' lang='grc' dir='ltr'><strong><em>ἀφείσθω</em></strong></span> <span class='ocrx_word' id='word_1_282' title='bbox 1403 2188 1454 2219; x_wconf 78' lang='grc' dir='ltr'><strong><em>τῶ</em></strong></span> <span class='ocrx_word' id='word_1_283' title='bbox 1478 2184 1559 2219; x_wconf 75' lang='grc' dir='ltr'><strong><em>θεῶ</em></strong></span> <span class='ocrx_word' id='word_1_284' title='bbox 1578 2193 1662 2219; x_wconf 80' lang='lat' dir='ltr'>corr</span> 
     </span>
     <span class='ocr_line' id='line_1_32' title="bbox 302 2229 1659 2278; baseline 0 -12"><span class='ocrx_word' id='word_1_285' title='bbox 302 2230 360 2266; x_wconf 80' lang='lat' dir='ltr'><strong><em>m’</em></strong></span> <span class='ocrx_word' id='word_1_286' title='bbox 383 2233 423 2267; x_wconf 77' lang='lat' dir='ltr'><strong><em>et</em></strong></span> <span class='ocrx_word' id='word_1_287' title='bbox 448 2231 550 2269; x_wconf 72' lang='lat' dir='ltr'><strong><em>‹n—</em></strong></span> <span class='ocrx_word' id='word_1_288' title='bbox 565 2235 610 2267; x_wconf 90' lang='lat'><strong><em>10</em></strong></span> <span class='ocrx_word' id='word_1_289' title='bbox 636 2232 704 2275; x_wconf 77' lang='grc' dir='ltr'><strong><em>ἔξω</em></strong></span> <span class='ocrx_word' id='word_1_290' title='bbox 729 2236 795 2276; x_wconf 76' lang='grc' dir='ltr'><strong><em>τῆς</em></strong></span> <span class='ocrx_word' id='word_1_291' title='bbox 818 2231 859 2267; x_wconf 85' lang='lat' dir='ltr'><strong><em>in</em></strong></span> <span class='ocrx_word' id='word_1_292' title='bbox 882 2241 992 2278; x_wconf 66' lang='lat' dir='ltr'><strong>marg</strong></span> <span class='ocrx_word' id='word_1_293' title='bbox 1015 2230 1072 2266; x_wconf 86' lang='lat' dir='ltr'><strong><em>m¹</em></strong></span> <span class='ocrx_word' id='word_1_294' title='bbox 1138 2234 1160 2266; x_wconf 88' lang='grc'>8</span> <span class='ocrx_word' id='word_1_295' title='bbox 1179 2231 1228 2276; x_wconf 74' lang='grc' dir='ltr'><strong><em>ἐφ</em></strong></span> <span class='ocrx_word' id='word_1_296' title='bbox 1231 2230 1370 2267; x_wconf 61' lang='lat' dir='ltr'><strong><em>alcstan?</em></strong></span> <span class='ocrx_word' id='word_1_297' title='bbox 1433 2235 1477 2266; x_wconf 78' lang='lat'><strong><em>1³</em></strong></span> <span class='ocrx_word' id='word_1_298' title='bbox 1502 2229 1596 2266; x_wconf 79' lang='grc' dir='ltr'><strong><em>ἀλλὰ</em></strong></span> <span class='ocrx_word' id='word_1_299' title='bbox 1618 2230 1659 2266; x_wconf 83' lang='lat' dir='ltr'><strong><em>in</em></strong></span> 
     </span>
     <span class='ocr_line' id='line_1_33' title="bbox 306 2276 1660 2325; baseline -0.001 -11"><span class='ocrx_word' id='word_1_300' title='bbox 306 2290 368 2315; x_wconf 71' lang='lat' dir='ltr'><strong><em>ru</em></strong></span> <span class='ocrx_word' id='word_1_301' title='bbox 396 2278 449 2315; x_wconf 79' lang='lat' dir='ltr'><strong><em>V’</em></strong></span> <span class='ocrx_word' id='word_1_302' title='bbox 485 2279 550 2315; x_wconf 77' lang='grc' dir='ltr'><strong><em>καὶ</em></strong></span> <span class='ocrx_word' id='word_1_303' title='bbox 577 2279 632 2316; x_wconf 84' lang='lat' dir='ltr'><strong><em>Va</em></strong></span> <span class='ocrx_word' id='word_1_304' title='bbox 683 2282 727 2315; x_wconf 81' lang='lat'><strong><em>18</em></strong></span> <span class='ocrx_word' id='word_1_305' title='bbox 751 2278 939 2325; x_wconf 76' lang='grc' dir='ltr'><strong><em>ήλγήσαμι</em></strong></span> <span class='ocrx_word' id='word_1_306' title='bbox 942 2292 964 2314; x_wconf 89' lang='grc' dir='ltr'><strong><em>ν</em></strong></span> <span class='ocrx_word' id='word_1_307' title='bbox 989 2289 1035 2314; x_wconf 83' lang='lat' dir='ltr'><strong><em>ex</em></strong></span> <span class='ocrx_word' id='word_1_308' title='bbox 1084 2279 1151 2324; x_wconf 75' lang='grc' dir='ltr'><strong><em>λγη</em></strong></span> <span class='ocrx_word' id='word_1_309' title='bbox 1153 2277 1228 2324; x_wconf 78' lang='grc' dir='ltr'><strong><em>σᾶμ</em></strong></span> <span class='ocrx_word' id='word_1_310' title='bbox 1227 2291 1275 2324; x_wconf 84' lang='grc' dir='ltr'><strong><em>ην</em></strong></span> <span class='ocrx_word' id='word_1_311' title='bbox 1300 2288 1384 2314; x_wconf 89' lang='lat' dir='ltr'>corr</span> <span class='ocrx_word' id='word_1_312' title='bbox 1408 2277 1474 2314; x_wconf 77' lang='lat' dir='ltr'><strong><em>Vi’</em></strong></span> <span class='ocrx_word' id='word_1_313' title='bbox 1522 2281 1566 2313; x_wconf 78' lang='lat'><strong><em>19</em></strong></span> <span class='ocrx_word' id='word_1_314' title='bbox 1585 2276 1660 2325; x_wconf 80' lang='grc' dir='ltr'><strong><em>γὰρ</em></strong></span> 
     </span>
     <span class='ocr_line' id='line_1_34' title="bbox 303 2324 1659 2385; baseline -0.001 -23"><span class='ocrx_word' id='word_1_315' title='bbox 303 2329 390 2373; x_wconf 72' lang='lat' dir='ltr'><strong>pout</strong></span> <span class='ocrx_word' id='word_1_316' title='bbox 414 2325 482 2372; x_wconf 76' lang='grc' dir='ltr'><strong><em>μὲν</em></strong></span> <span class='ocrx_word' id='word_1_317' title='bbox 507 2337 528 2362; x_wconf 77' lang='lat' dir='ltr'>e</span> <span class='ocrx_word' id='word_1_318' title='bbox 556 2327 766 2364; x_wconf 73' lang='lat' dir='ltr'><strong><em>Mutinensi</em></strong></span> <span class='ocrx_word' id='word_1_319' title='bbox 789 2326 821 2363; x_wconf 81' lang='lat'><em>0</em></span> <span class='ocrx_word' id='word_1_320' title='bbox 843 2327 902 2372; x_wconf 89' lang='lat'><strong><em>(—</em></strong></span> <span class='ocrx_word' id='word_1_321' title='bbox 917 2325 1033 2372; x_wconf 83' lang='lat' dir='ltr'><strong><em>XXV)</em></strong></span> <span class='ocrx_word' id='word_1_322' title='bbox 1108 2325 1167 2362; x_wconf 84' lang='lat' dir='ltr'><strong><em>olf</em></strong></span> <span class='ocrx_word' id='word_1_323' title='bbox 1205 2325 1327 2362; x_wconf 78' lang='lat' dir='ltr'>delevi</span> <span class='ocrx_word' id='word_1_324' title='bbox 1349 2327 1354 2371; x_wconf 93' lang='grc' dir='ltr'>Ι</span> <span class='ocrx_word' id='word_1_325' title='bbox 1377 2324 1512 2371; x_wconf 76' lang='grc' dir='ltr'><strong><em>ἔκαμεν</em></strong></span> <span class='ocrx_word' id='word_1_326' title='bbox 1537 2325 1574 2362; x_wconf 93' lang='lat' dir='ltr'><strong><em>V</em></strong></span> <span class='ocrx_word' id='word_1_327' title='bbox 1592 2325 1659 2385; x_wconf 50' lang='lat' dir='ltr'>n&#39;ed</span> 
     </span>
     <span class='ocr_line' id='line_1_35' title="bbox 302 2338 1659 2430; baseline -0.001 -20"><span class='ocrx_word' id='word_1_328' title='bbox 302 2388 325 2410; x_wconf 80' lang='grc' dir='ltr'><strong><em>ν</em></strong></span> <span class='ocrx_word' id='word_1_329' title='bbox 349 2376 436 2430; x_wconf 71' lang='lat' dir='ltr'><strong><em>post</em></strong></span> <span class='ocrx_word' id='word_1_330' title='bbox 459 2388 486 2421; x_wconf 95' lang='grc' dir='ltr'><strong><em>μ</em></strong></span> <span class='ocrx_word' id='word_1_331' title='bbox 510 2374 613 2410; x_wconf 74' lang='lat' dir='ltr'>inser</span> <span class='ocrx_word' id='word_1_332' title='bbox 636 2374 791 2420; x_wconf 78' lang='lat' dir='ltr'><strong><em>111⁴,Va</em></strong></span> <span class='ocrx_word' id='word_1_333' title='bbox 835 2374 842 2422; x_wconf 81' lang='grc' dir='ltr'>Ι</span> <span class='ocrx_word' id='word_1_334' title='bbox 886 2373 982 2420; x_wconf 77' lang='grc' dir='ltr'><strong><em>γυνὴ</em></strong></span> <span class='ocrx_word' id='word_1_335' title='bbox 1014 2384 1076 2409; x_wconf 87' lang='lat' dir='ltr'><strong><em>om</em></strong></span> <span class='ocrx_word' id='word_1_336' title='bbox 1099 2372 1234 2410; x_wconf 73' lang='lat' dir='ltr'><strong><em>sViD</em></strong></span> <span class='ocrx_word' id='word_1_337' title='bbox 1325 2376 1371 2409; x_wconf 92' lang='grc'><strong><em>20</em></strong></span> <span class='ocrx_word' id='word_1_338' title='bbox 1396 2371 1439 2408; x_wconf 77' lang='grc' dir='ltr'><strong><em>δὲ</em></strong></span> <span class='ocrx_word' id='word_1_339' title='bbox 1444 2338 1607 2419; x_wconf 72' lang='grc' dir='ltr'><strong><em>μεύθυμι</em></strong></span> <span class='ocrx_word' id='word_1_340' title='bbox 1599 2371 1659 2409; x_wconf 87' lang='grc' dir='ltr'><strong><em>ἀν</em></strong></span> 
     </span>
     <span class='ocr_line' id='line_1_36' title="bbox 301 2385 1658 2481; baseline -0.001 -24"><span class='ocrx_word' id='word_1_341' title='bbox 301 2421 436 2481; x_wconf 72' lang='lat' dir='ltr'><strong>scripsi</strong></span> <span class='ocrx_word' id='word_1_342' title='bbox 461 2433 482 2457; x_wconf 83' lang='grc' dir='ltr'><strong><em>ο</em></strong></span> <span class='ocrx_word' id='word_1_343' title='bbox 508 2421 604 2459; x_wconf 81' lang='lat' dir='ltr'><strong><em>VVa</em></strong></span> <span class='ocrx_word' id='word_1_344' title='bbox 641 2403 830 2468; x_wconf 66' lang='grc' dir='ltr'><strong><em>εὐθυμίαν</em></strong></span> <span class='ocrx_word' id='word_1_345' title='bbox 855 2420 897 2458; x_wconf 77' lang='grc' dir='ltr'><strong><em>δὲ</em></strong></span> <span class='ocrx_word' id='word_1_346' title='bbox 886 2387 953 2457; x_wconf 54' lang='lat' dir='ltr'><strong><em>va</em></strong></span> <span class='ocrx_word' id='word_1_347' title='bbox 966 2421 1060 2457; x_wconf 79' lang='lat' dir='ltr'><strong><em>ViD</em></strong></span> <span class='ocrx_word' id='word_1_348' title='bbox 1084 2419 1193 2456; x_wconf 78' lang='lat' dir='ltr'>Wolf</span> <span class='ocrx_word' id='word_1_349' title='bbox 1254 2424 1297 2456; x_wconf 83' lang='grc'><strong><em>21</em></strong></span> <span class='ocrx_word' id='word_1_350' title='bbox 1320 2419 1477 2464; x_wconf 74' lang='grc' dir='ltr'><strong><em>ἐσώιζιτ’</em></strong></span> <span class='ocrx_word' id='word_1_351' title='bbox 1508 2421 1543 2457; x_wconf 91' lang='lat' dir='ltr'><strong><em>V</em></strong></span> <span class='ocrx_word' id='word_1_352' title='bbox 1567 2385 1658 2456; x_wconf 76' lang='grc' dir='ltr'><strong><em>ἐσώ-</em></strong></span> 
     </span>
    </p>
   </div>
   <div class='ocr_carea' id='block_1_10' title="bbox 300 2467 505 2512">
    <p class='ocr_par' dir='ltr' id='par_1_10' title="bbox 300 2467 505 2512">
     <span class='ocr_line' id='line_1_37' title="bbox 300 2467 505 2512; baseline 0.005 -7"><span class='ocrx_word' id='word_1_353' title='bbox 300 2467 371 2512; x_wconf 77' lang='grc' dir='ltr'><strong><em>ζετ’</em></strong></span> <span class='ocrx_word' id='word_1_354' title='bbox 403 2470 505 2506; x_wconf 79' lang='lat' dir='ltr'><strong><em>VaD</em></strong></span> 
     </span>
    </p>
   </div>
  </div>
 </body>
</html>
