1806 2964
285 218 373 260 220
871 218 1053 254 LIBANH

283 336 364 370 τῶν
389 330 545 370 οἰκείων
570 329 694 370 αὑτοῦ
724 329 798 382 τὴν
824 328 920 370 ὁδὸν
945 329 1102 383 ἐκείνην
1127 330 1238 372 ι’όντα
1262 329 1329 371 καὶ
1353 330 1655 384 εὐδοκιμοῦντα.

286 393 307 435 ὁ
334 394 376 435 δὲ
401 394 537 452 ἐκείνῳ
561 410 602 436 τε
626 395 787 448 ἐπετίμα
810 395 878 436 καὶ
903 392 957 436 δι’
978 396 1082 437 ὅσων
1106 395 1200 449 ἐξῆν
1218 394 1505 451 ἀσθενεστέραν
1525 396 1649 438 ἐποίει

285 461 359 513 τὴν
384 460 548 515 ἐνέδραν
573 461 639 502 καὶ
665 461 714 514 δὴ
736 457 840 514 δεῦρ’
861 461 972 514 ’ἥκων
994 460 1165 515 ἐπέθηκε
1196 462 1239 503 τὸ
1265 461 1373 510 τέλος
1397 465 1478 511 τοῖς
1507 462 1654 517 ἔμπρο-

286 530 386 567 σθεν
405 527 545 579 ὅμοιον
564 526 720 580 ἁπάσης
739 527 924 581 καθήρας
941 526 989 567 τὰ
1013 528 1222 582 πράγματα
1246 526 1438 579 ὑποψίας.
1465 531 1505 568 4.
1524 527 1655 578 εὐθὺς

251 606 267 631 ι
287 590 359 644 μὲν
397 588 472 634 οὖν
504 591 696 645 ἠθύμουν
733 592 896 646 ἀπορῶν
925 592 1116 646 ἀμοιβῆς,
1150 593 1284 634 ἔπειτα
1309 591 1559 646 ἐνθυμηθεὶς
1595 592 1650 642 ὧς

287 661 338 713 τῷ
360 656 433 710 μὲν
458 656 501 698 ἕν
529 659 701 715 Φοινίκῃ
726 660 829 713 γυνὴ
855 658 922 700 καὶ
947 659 1086 707 παῖδες
1110 658 1176 699 καὶ
1202 659 1399 712 κτήματα,
1423 665 1472 716 τῇ
1497 657 1539 700 δὲ
1564 662 1651 700 Ἀν-

287 723 477 777 δρονίκου
507 724 646 781 γνώμῃ
677 725 721 766 τὸ
752 724 874 774 ἔθνος
905 725 1130 775 διοικεῖται,
1162 724 1299 777 ἥσθην
1326 723 1425 765 ἰδὼν
1464 722 1518 773 ὡς
1549 723 1656 765 ἔστιν

287 779 313 845 ᾖ
339 787 391 828 ἂν
414 787 484 829 τὸν
508 787 636 847 ἄνδρα
662 789 912 844 ἀμειβοίμην.

216 950 263 985 w
284 952 638 998 240(Anecd.t.111
656 964 692 999 p.
704 954 788 999 278)
920 943 1010 994 σις’.

234 1041 270 1068 ιο
738 1031 1025 1087 Πρισκιανῷ.
1064 1035 1204 1082 (3603)

352 1115 387 1152 1.
427 1108 557 1153 Οἶδα.
596 1113 669 1166 τίη
701 1128 781 1165 μοι
811 1111 1107 1169 ἐπισταμένῳ
1137 1107 1273 1153 πάντ’
1296 1111 1563 1166 ἀγορεύεις,
1593 1111 1650 1165 μὴ

287 1176 363 1232 γὰρ
382 1178 472 1219 οἲου
491 1181 639 1231 μᾶλλον
659 1177 778 1227 αὐτὸς
791 1176 817 1218 ἃ
832 1178 1011 1233 πράττεις
1030 1176 1176 1219 εἰδέναι
1188 1184 1267 1219 τῶν
1280 1177 1510 1219 ἀκουόντων
1522 1175 1655 1236 ἡμῶν.4

289 1243 335 1283 οῗ
351 1258 390 1284 τε
414 1243 489 1299 γὰρ
515 1242 764 1299 ἀγγέλλοντὲς
787 1243 888 1285 εἰσιν
914 1243 959 1285 οῖ’
976 1259 1015 1285 τε
1035 1243 1252 1298 ἐρωτῶντες
1270 1241 1394 1297 ἡμεῖς.
1421 1245 1459 1284 2.
1479 1249 1557 1284 τῶν
1576 1241 1650 1296 μὲν

290 1302 365 1349 οὖν
396 1307 526 1349 ἄλλων
549 1307 630 1362 ἤδη
659 1323 717 1358 τις
748 1307 864 1364 ἤρετο
902 1309 938 1350 εἰ
968 1309 1022 1363 μή
1048 1321 1090 1350 σε
1114 1309 1159 1351 τὸ
1185 1310 1352 1363 φορτίον
1376 1308 1550 1362 ἐπίεσεν,
1574 1307 1650 1364 ἐγὼ

235 1386 270 1414 1⁶
290 1369 328 1414 δ’
357 1374 399 1414 εἴ
422 1386 485 1415 σοι
515 1373 558 1416 τὸ
585 1380 698 1428 σῶμα
730 1374 893 1430 ἔρρωται
924 1374 1234 1428 πυνθανόμενος
1259 1374 1421 1416 ἐπειδὰν
1446 1372 1501 1424 ὥς
1527 1373 1648 1429 ἔρρω-

287 1455 351 1480 ται
375 1446 472 1494 γνῶ,
496 1440 540 1482 τὸ
564 1439 631 1482 καὶ
655 1447 726 1482 τοῦ
748 1440 916 1496 φορτίου
937 1453 978 1482 σε
996 1441 1156 1495 κρείττω
1174 1436 1276 1481 εἶναι
1293 1438 1508 1493 ἀκηκοέναι
1525 1437 1648 1494 ’ἡγοῦ-

362 1571 383 1603 9
418 1568 484 1604 VI!
506 1566 554 1612 α’,
580 1567 664 1613 σιη’.
696 1567 754 1603 Va
772 1566 818 1613 γ’,
837 1567 898 1604 λε’.
937 1568 992 1604 Vo
1010 1566 1057 1614 γ’,
1075 1566 1138 1603 λε’.
1171 1567 1200 1603 S
1222 1566 1269 1611 δ’,
1295 1567 1357 1610 λζ’.
1402 1568 1448 1604 Vi
1465 1566 1513 1613 η’.
1553 1566 1652 1603 Vinci

289 1615 356 1662 ἐρ’.
384 1616 424 1652 D
449 1614 520 1662 ζῆτ’.
540 1616 597 1652 Be
615 1614 668 1652 ,ιε’

363 1750 407 1782 10
434 1746 552 1783 Seeck
578 1750 658 1783 244.
685 1749 765 1782 374.
793 1745 960 1782 Silomon
985 1750 1032 1783 48
1108 1750 1149 1782 11
1178 1746 1219 1783 11.
1240 1760 1266 1783 α
1292 1749 1360 1782 865

363 1882 382 1913 1
407 1883 483 1914 τῶν
508 1878 650 1914 inserui
676 1889 697 1914 ο
721 1877 828 1914 libris
872 1889 933 1914 om
954 1877 1059 1914 Wolf
1094 1879 1100 1923 1
1134 1879 1251 1915 αὐτοῦ
1277 1878 1394 1914 VoBe
1419 1879 1520 1913 αὐτῶ
1539 1877 1569 1914 S

289 1930 311 1961 2
337 1927 457 1963 ἐκεῖνο
483 1925 592 1962 Wolf
611 1926 659 1962 ed
692 1927 698 1971 Ι
731 1924 870 1962 «ruzam
897 1926 954 1962 Va
992 1927 998 1972 Ι
1038 1925 1313 1970 ἀσθενεστέραν
1339 1926 1395 1962 Be
1419 1924 1484 1962 sod
1511 1926 1582 1961 σθε
1607 1924 1647 1960 in

287 1984 350 2009 raa
374 1973 432 2009 xn¹
489 1978 511 2009 3
531 1973 689 2019 ἔνεδραν
707 1973 795 2010 libri
817 1975 823 2020 Ι
845 1972 948 2020 ἥκων
969 1975 1024 2010 Bc
1043 1973 1108 2009 sed
1134 1984 1179 2009 ex
1203 1970 1298 2018 ἧκον
1323 1983 1406 2008 oon·
1429 1971 1486 2008 m’
1549 1975 1570 2008 6
1594 1977 1646 2008 τῶ

289 2022 346 2057 Be
370 2022 436 2058 sed
462 2027 491 2057 ῶ
517 2031 562 2057 ex
587 2019 608 2058 ὸ
634 2033 716 2058 corr
739 2020 797 2057 m’
847 2021 853 2067 Ι
906 2021 1014 2068 γυνὴ]
1040 2018 1138 2057 εἶναι
1163 2021 1219 2058 Be
1244 2020 1351 2056 Wolf
1370 2022 1429 2056 An
1525 2024 1647 2066 κτῆμα

288 2070 347 2106 Be
372 2068 478 2105 Wolf
498 2069 558 2104 An
637 2073 656 2105 7
683 2071 912 2106 διοικεῖσθαι
937 2068 1045 2106 Wolf
1064 2071 1122 2105 An
1153 2071 1159 2115 Ι
1198 2069 1249 2111 ὡς
1274 2068 1372 2105 ἔστιν
1396 2065 1434 2105 οἶ
1509 2067 1576 2104 sod
1600 2081 1646 2113 γρ

288 2113 313 2161 ἧ
338 2116 378 2152 in
402 2127 512 2164 marg
548 2115 598 2158 ὥς
616 2118 716 2154 ἐστιν
743 2118 799 2153 Va
875 2120 896 2152 8
923 2115 946 2163 ἣ
971 2117 1029 2153 Be
1058 2122 1064 2163 Ι
1098 2115 1147 2153 ἂν
1171 2116 1239 2153 τὸν
1257 2126 1319 2152 om
1338 2117 1396 2153 Be
1469 2119 1514 2152 10
1538 2115 1647 2160 ἀμοι-

288 2164 381 2212 βαία
407 2165 454 2202 Vi
536 2169 579 2200 11
606 2164 667 2210 τιή
692 2165 911 2201 VVaVoBe
941 2164 1008 2200 sed
1038 2165 1079 2201 in
1104 2165 1175 2200 hoc
1205 2175 1227 2200 o
1257 2164 1293 2199 τὶ
1324 2174 1407 2201 corr
1431 2162 1488 2199 m¹
1533 2163 1539 2209 Ι
1584 2175 1648 2208 μοι

290 2213 347 2249 Be
371 2212 437 2248 sed
462 2222 507 2248 ex
532 2212 622 2259 ἡμῖν
647 2223 730 2248 corr
747 2211 805 2248 ω’
884 2216 928 2248 12
954 2210 1068 2254 αὐτὸς
1091 2223 1152 2248 om
1178 2211 1285 2248 Wolf
1354 2214 1398 2247 18
1430 2209 1474 2248 οἵ
1490 2208 1524 2246 τ’
1554 2210 1601 2247 Vi

326 2287 371 2319 14
396 2281 518 2320 ἐπίεσε
542 2284 599 2320 Va
636 2271 720 2320 ἐπιῗ
744 2284 801 2320 Be
877 2287 921 2320 16
947 2281 1066 2320 δείσοι
1092 2283 1147 2320 Va
1171 2280 1208 2319 δ’
1231 2282 1272 2320 εἴ
1289 2294 1349 2319 σοι
1373 2283 1431 2319 Be
1455 2281 1522 2318 sed
1547 2293 1568 2318 e
1599 2280 1648 2327 δή

289 2342 329 2368 σε
356 2341 437 2367 corr
461 2331 518 2366 m‘
567 2330 610 2368 δὲ
627 2331 666 2368 εἴ
679 2342 719 2368 σε
742 2330 852 2367 Wolf
866 2331 914 2368 od
934 2331 941 2379 Ι
960 2330 1004 2368 τὸ
1029 2342 1050 2367 e
1074 2337 1125 2368 τῶ
1150 2341 1232 2367 corr
1249 2330 1325 2367 Be'
1345 2331 1352 2376 Ι
1373 2327 1494 2367 ἔπιδ’
1517 2327 1566 2366 ἂν
1591 2329 1648 2366 Va

287 2424 504 2510 mzlssvglgfft
529 2437 591 2463 om
616 2427 656 2462 D
683 2427 687 2466 1
717 2380 880 2474 ξγοῦμαι
903 2405 1108 2473 ἀξηκοέναι
1133 2426 1190 2462 Be
1215 2425 1279 2462 sed
1306 2426 1329 2472 β
1363 2426 1402 2461 eb
1426 2438 1450 2460 α
1476 2435 1651 2471 suprascr
