1806 2964
223 994 255 1019 10

223 1322 255 1347 1⁶

279 212 362 254 728
860 212 1041 248 LIBANII

279 326 317 363 2.
343 320 428 363 ἀλλ’
458 322 570 375 ὑμεῖς
595 339 638 377 γε
663 324 821 377 χρηστοὶ
852 323 917 364 καὶ
949 325 992 364 τὸ
1018 331 1097 364 τῶν
1122 329 1327 379 πελαργῶν
1354 329 1499 378 μᾶλλον
1537 326 1564 380 ἢ
1590 329 1632 370 τὸ

276 394 355 429 τῶν
389 394 511 441 κριῶν
546 388 811 438 ἐπαινοῦντες.
856 389 991 442 διόπερ
1027 389 1122 441 ὑμῖν
1157 390 1223 430 καὶ
1258 392 1532 444 συμβούλομαι
1565 393 1635 439 καὶ,

276 454 514 507 συνεύχομαι
539 453 587 494 τὰ
611 455 760 507 βελτίω.
804 453 1003 507 βέλτιστον
1036 454 1078 495 δὲ
1103 454 1146 495 έν
1171 460 1253 504 τοῖς
1277 463 1473 510 παροῦσιν
1497 456 1523 497 ἃ
1548 459 1632 498 δια-

275 519 470 571 νενόησθε
495 520 653 573 πρᾶξαι.
700 521 737 559 3.
764 526 878 560 τοῦτο
904 517 947 559 δὲ
972 515 1085 560 εἷπον
1110 519 1224 569 εἰδὼς
1249 520 1316 561 τὸν
1344 519 1464 561 ὄκνον
1488 523 1630 563 πολλά-

276 600 338 633 κις
362 583 623 637 ἐμποδίζοντα
646 584 689 625 τὸ
715 583 931 638 συμφέρον.
976 584 1073 637 ὑμῖν
1099 583 1142 626 δὲ
1166 585 1191 637 ἥ
1218 601 1255 626 τε
1281 585 1418 636 πατρὶς
1443 587 1590 640 μεγάλη
1608 587 1632 628 ὅ

274 665 312 690 τε
349 645 458 698 οἶκος
491 656 679 698 τοιοῦτος.
733 649 821 699 δέος
859 645 933 690 οὖν
971 650 1025 703 μὴ
1060 651 1211 699 τούτοις
1249 656 1512 705 κατασχεθῆτε
1549 657 1631 702 τοῖς

274 715 509 772 φαρμάκοις..

277 822 343 853 717
919 807 992 859 ωζ.

753 893 994 950 Μοδέστῳ.
1046 905 1152 948 (363)

340 981 375 1017 1.
398 974 491 1017 Ἐπὶ
516 977 585 1026 τὰς
611 977 837 1031 ὑποσχέσεις
868 977 1036 1030 ἥκουσιν
1069 979 1111 1019 οἵ
1132 979 1228 1030 νέοι,
1255 980 1304 1019 σὺ
1330 978 1372 1020 δὲ
1397 987 1444 1037 τῇ
1468 995 1507 1020 τε
1531 978 1629 1037 ἄλλῃ

274 1046 456 1095 γενναῖος
493 1042 559 1083 καὶ
596 1043 821 1094 ψεύδεσθαι
858 1042 932 1083 οὐκ
969 1044 1093 1092 εἰδώς.
1138 1043 1233 1085 ἀλλὰ
1266 1043 1334 1086 καὶ
1365 1045 1484 1094 αὐτὸς
1516 1044 1630 1086 ἀπὼν

274 1107 426 1148 ἀπαιτῶ
445 1108 514 1157 τὰς
534 1107 772 1162 ὑποσχέσεις.
809 1109 966 1156 πάντως
986 1107 1028 1149 δὲ
1048 1110 1090 1150 τὸ
1110 1110 1256 1159 αἰδὼς
1281 1110 1299 1150 ε’
1306 1127 1330 1150 ν
1356 1109 1643 1164 ὀφθαλμοῖς,

275 1173 322 1214 οὐ
348 1173 455 1227 παρὰ
491 1173 553 1214 σοὶ
584 1178 728 1227 κρατεῖ,
759 1170 843 1214 ἀλλ’
872 1173 1018 1226 ὁμοίως
1049 1174 1250 1228 αἰδέσιμος
1276 1173 1474 1229 δρώμενός
1498 1191 1538 1217 τε
1562 1176 1629 1218 καὶ

273 1238 503 1279 ἐπιστέλλων
531 1239 673 1290 φίλοις.
713 1242 751 1279 2.
776 1238 844 1293 ἄγε
865 1235 953 1288 οὖν,
978 1241 1081 1280 ποίει
1099 1241 1222 1281 τούτω
1242 1241 1364 1281 δικῶν
1382 1241 1631 1295 ἐπιστήμονε,

274 1303 351 1345 κᾶν
375 1301 438 1345 ἐπ’
466 1303 559 1345 ἄλλο
585 1320 622 1344 τι
646 1307 814 1361 προβῇς,
839 1304 907 1359 ἄγε
926 1305 993 1345 καὶ
1012 1306 1135 1346 τούτω
1156 1306 1272 1347 ταύτὸ
1293 1307 1481 1360 δράσαντε
1499 1308 1629 1348 πάλιν.

275 1370 369 1418 ἴσως
395 1369 437 1410 δέ
462 1386 520 1418 τις
545 1369 685 1422 ὄψεται
705 1371 798 1419 τοὺς
818 1369 1038 1425 ἀγωνιστὰς
1058 1369 1283 1420 ἀθλοθέτας
1302 1378 1376 1412 σοῦ
1394 1373 1630 1425 προξενοῦν-

275 1451 339 1483 τος
363 1435 430 1475 καὶ
454 1435 713 1485 ἐπαινοῦντος

274 1610 287 1657 [
346 1566 383 1656 8,]
402 1561 536 1646 Υὲιιὴβζ
562 1561 628 1609 oy'.
665 1564 719 1598 Vn
745 1563 786 1605 ζ’,
812 1562 910 1609 oqd‘.
939 1563 991 1598 Vo
1016 1563 1084 1608 (ζ’),
1111 1563 1206 1610 qu'.
1237 1564 1315 1599 Mo.
1342 1564 1371 1599 S
1393 1563 1440 1603 ς’,
1464 1563 1556 1610 (σε’).
1587 1565 1631 1600 Vs·

290 1622 357 1655 ‹svy
388 1638 395 1645 .
495 1634 497 1639 ,

350 1747 365 1776 l
400 1741 512 1777 Arist.
538 1753 595 1777 av.
632 1746 723 1778 1353
738 1754 790 1787 sq.
818 1753 847 1777 e.
875 1741 988 1778 schol.
1022 1742 1114 1778 Plat.
1153 1742 1271 1779 Aleib.
1298 1743 1314 1777 Ι
1338 1755 1375 1789 p.
1397 1742 1514 1779 135E.
1549 1743 1630 1780 Aet.

275 1792 351 1824 nat.
373 1801 431 1824 an.
452 1789 503 1824 111
524 1794 580 1824 23.
608 1789 804 1825 Salzmann
834 1793 877 1825 79
928 1794 949 1824 2
975 1789 1022 1825 ef.
1043 1790 1091 1825 ad
1117 1801 1174 1836 ep.
1197 1794 1263 1826 221
1291 1802 1327 1836 p.
1348 1794 1429 1835 204,
1444 1794 1500 1827 41.
1528 1789 1630 1827 Salz-

276 1848 387 1872 mann
416 1840 459 1872 79
544 1841 565 1872 9
593 1837 710 1872 Seeck
738 1842 818 1872 216.
838 1841 906 1872 397
1002 1842 1045 1872 12
1073 1838 1116 1873 ef.
1139 1837 1185 1872 ad
1213 1839 1238 1873 t.
1259 1837 1310 1872 IV
1330 1841 1412 1883 280,
1434 1842 1488 1875 12.
1514 1838 1626 1874 Arisss.

275 1884 369 1920 rhet.
390 1884 425 1919 II
445 1888 465 1919 6
485 1897 519 1930 p.
545 1889 636 1920 1384
656 1895 679 1920 a
699 1889 743 1919 36

348 2044 369 2074 4
396 2038 507 2084 ὄγκον
533 2039 609 2075 Ath
682 2044 703 2074 ὃ
730 2017 819 2085 gulae
846 2040 921 2075 Ath
965 2042 971 2084 Ι
1010 2040 1144 2084 πατρὶς
1175 2041 1222 2076 Vo
1248 2040 1313 2076 sed
1339 2051 1359 2075 e
1384 2038 1524 2085 πατρὸς
1549 2051 1632 2076 corr

276 2087 332 2121 m⁶
405 2090 426 2122 9
452 2085 633 2135 Μοδέστῳ
659 2097 719 2122 om
743 2087 773 2124 S
846 2091 888 2122 12
913 2087 1039 2123 πάντα
1067 2088 1112 2123 Vi
1150 2091 1156 2134 Ι
1187 2088 1256 2124 οὐκ
1281 2089 1365 2124 ante
1391 2087 1507 2130 αἰδὼς
1530 2087 1637 2124 Wolf

277 2134 473 2170 Salzmann
501 2138 546 2169 50
572 2134 637 2180 qui
663 2135 890 2170 sententiam
914 2145 1048 2180 parum
1072 2135 1261 2181 perspexit
1335 2140 1378 2171 14
1404 2134 1511 2182 φίλος
1538 2135 1631 2172 VVa

283 2182 507 2218 VoSViAth
533 2183 598 2217 sed
624 2183 662 2217 in
687 2182 759 2218 hoc
784 2195 820 2218 οι
846 2193 961 2228 supra.
986 2195 1006 2218 ο
1034 2185 1039 2228 Ι
1068 2182 1186 2219 τούτω
1213 2183 1346 2229 scripsi
1377 2193 1397 2218 e
1423 2183 1634 2219 VVaVoVi

277 2230 353 2266 Am
385 2229 503 2265 τούτω
531 2231 598 2266 Mo
634 2230 752 2266 τούτω
777 2230 827 2265 τὼ
858 2229 929 2266 νέω
955 2230 984 2267 S
1022 2236 1131 2267 τοῦτο
1163 2230 1272 2266 Wolf
1295 2233 1300 2273 Ι
1322 2229 1541 2277 ἐπιστήμονε
1574 2242 1631 2266 re-

276 2277 386 2323 posui
412 2288 432 2313 e
445 2266 553 2313 libris
590 2277 774 2323 ἐπιειμένε
788 2276 895 2312 Wolf
911 2278 977 2314 sed
997 2288 1080 2313 con·
1092 2278 1178 2313 Add
1198 2282 1266 2314 863
1287 2277 1464 2314 Dorvillio
1480 2279 1632 2314 auctore

328 2328 370 2360 15
395 2325 459 2360 καὶ
486 2326 533 2360 Vi
572 2326 578 2369 Ι
616 2325 734 2361 τούτω
755 2324 886 2371 ‹oripoi
913 2337 932 2360 e
962 2325 1204 2362 VVaVoSVs·
1226 2325 1292 2362 aed
1317 2326 1357 2361 in
1381 2325 1453 2362 hoo
1477 2337 1498 2361 e
1522 2331 1632 2362 τοῦτο

277 2383 360 2408 corr
384 2378 492 2409 τοῦτο
518 2373 594 2409 Ath
620 2372 727 2408 Wolf
755 2372 873 2420 τούτῳ
900 2374 969 2409 Mo
1004 2376 1010 2418 Ι
1043 2373 1136 2409 αὐτὸ
1163 2374 1209 2408 Vi
1229 2374 1235 2416 Ι
1256 2373 1373 2409 τούτω
1405 2371 1633 2419 ἀπόπεμψον

277 2421 359 2465 (aut
383 2419 472 2461 ἄνες
495 2420 627 2466 τούτω)
653 2419 700 2456 τὰ
725 2420 851 2457 αὐτῶν
876 2420 1059 2464 δράσοντε
1084 2421 1139 2457 Re
1171 2423 1178 2466 Ι
1214 2421 1419 2465 dodanum
1443 2422 1520 2457 Ath
1543 2419 1634 2465 eooi-

279 2478 353 2503 σων
379 2481 416 2503 τε
444 2468 490 2503 Vi
526 2467 666 2512 δράσον
691 2480 729 2503 τε
755 2467 863 2503 Wolf
949 2471 993 2504 16
1018 2467 1233 2510 ἀθλοθέτας
1258 2468 1298 2504 in
1322 2468 1382 2504 lac
1407 2479 1468 2504 om
1495 2469 1562 2505 Μο
