1806 2964
642 213 914 251 EPISTULAE
939 217 1131 251 350-352
1239 211 1242 214 ’
1485 214 1575 257 333

196 331 322 369 καλοῦ
350 327 604 381 Φλωρεντίου
629 327 796 380 μνήμην
822 326 943 368 οὐδὲν
974 327 1132 369 πώποτε
1165 324 1250 369 οὔτ’
1273 327 1456 382 ἐξέβαλεν
1482 325 1553 369 οὔτ

194 393 408 447 ἐμάρανεν,
433 389 518 434 ἀλλ’
542 392 669 434 ἀνθεῖ
687 399 805 435 τοῦτο
831 388 928 447 παρ’
950 391 1049 446 ἡμῖν
1074 393 1142 435 καὶ
1160 393 1304 448 τέθηλε
1329 393 1398 435 καὶ
1423 393 1466 436 τὸ
1486 393 1576 448 περὶ

196 466 272 502 σοῦ
303 475 341 501 τι
373 459 500 515 λέγειν
532 459 576 501 ἐν
607 460 871 515 πανηγύρεως
903 458 1011 512 με’·ρει
1041 459 1085 501 τὸ
1117 464 1250 517 πρᾷον
1284 460 1576 514 ἐπαινούντων,

197 525 242 569 τὸ
267 525 434 581 βέβαιον
459 531 540 567 τῶν
564 525 746 581 τρόπων,
776 525 851 578 τὴν
876 523 1047 578 ὀξύτητα
1080 531 1153 568 τοῦ
1178 532 1274 580 νοῦ,
1306 526 1349 568 τὸ
1381 530 1578 579 τιμᾶσθαι

197 591 272 646 τὴν
292 592 518 646 Ἀλήθειαν,
537 591 581 633 τὸ
602 591 696 641 τοὺς
714 590 899 647 ἀγαθοὺς
923 591 967 633 ἐν
987 587 1048 641 οἷς
1067 591 1182 643 ἄξιον
1202 588 1318 634 εἶναι.
1349 595 1386 634 3.
1412 599 1576 634 τοιαῦτα
1613 607 1630 635 5

195 655 348 716 ᾄδομεν
381 657 574 712 ἐρίζοντες
614 658 720 707 ὅστις
761 657 845 712 ἐρεῖ
881 658 1024 705 πλείω,
1061 658 1130 699 καὶ
1169 658 1213 700 τὸ
1250 658 1454 713 μέγιστον,
1492 659 1577 712 μεί-

197 726 278 775 ζων
302 722 433 778 ἡδονὴ
458 723 550 779 περὶ
575 730 650 766 σοῦ
677 740 714 765 τι
737 724 902 766 κάλλιον
926 724 1053 766 εἰπεῖν
1078 722 1106 778 ἢ
1132 721 1227 780 παρ’
1250 723 1382 766 ἄλλων
1406 724 1576 766 ἐπαίνου

197 795 345 845 τυχεῖν·
371 791 500 840 οὕτως
524 789 691 840 ἕκαστος
715 791 792 842 πρὸ
813 790 939 832 αὑτοῦ
965 803 1007 832 σε
1026 791 1252 844 πεποίηται.
1286 794 1324 832 4.
1346 790 1389 832 τὸ
1409 789 1482 844 μὲν
1501 785 1577 832 οὖν

197 857 319 911 ἥδιον
344 851 397 911 ἦν
422 857 546 899 αὐτὸν
571 857 673 911 ἔχειν
699 856 812 912 ὁρᾶν,
838 856 983 912 μικρὸν
1010 855 1052 898 δὲ
1072 856 1168 899 οὐδὲ
1194 856 1215 899 ὃ
1236 858 1419 911 δεύτερος
1438 861 1578 907 πλοῦς,

197 923 411 977 ἐπιστολὴν
436 923 510 977 τὴν
535 921 608 976 μὲν
641 922 818 976 πέμψαι,
850 923 924 976 τὴν
951 921 993 964 δὲ
1019 925 1168 977 λαβεῖν.
1201 923 1325 977 μόνος
1364 922 1407 965 δὲ
1433 924 1483 964 σὺ
1509 924 1577 965 καὶ
1597 938 1632 965 ιο

198 989 254 1044 μὴ
286 990 456 1044 γράφων
488 989 563 1030 οὐκ
587 988 715 1046 ἀνιᾷς.
754 987 850 1031 οὐδὲ
879 988 955 1044 γὰρ
986 996 1104 1031 τοῦτο
1143 991 1364 1044 μεταβολῆς
1396 995 1576 1044 σημεῖον,

197 1055 298 1097 ἀλλὰ
321 1055 390 1097 καὶ
414 1061 539 1110 σιγῶν
564 1059 736 1110 θαρρεῖν
762 1056 885 1104 δίδως
908 1059 993 1105 τοῖς
1018 1056 1153 1108 φίλοις
1173 1054 1227 1105 ὡς
1253 1062 1324 1109 τῆς
1348 1057 1514 1111 γνώμης
1532 1055 1577 1097 ἐν

197 1121 325 1178 ὁμοίῳ
351 1123 563 1175 μενούσης.

838 1179 935 1235 τνβ’.
1301 1189 1349 1224 W
1370 1193 1439 1226 355
1460 1189 1570 1237 (Ceut
1590 1193 1650 1235 26)

653 1255 922 1309 Σπεκτάτῳ.
957 1252 1129 1309 (358]59)
1598 1269 1633 1297 15

265 1342 302 1379 1.
333 1335 405 1387 Οἷς
431 1333 507 1380 οὗν
529 1337 703 1392 ε’μαυτὸν
722 1336 866 1392 τέρπω,
891 1339 930 1379 τί
953 1338 1003 1380 οὐ
1028 1338 1216 1394 καὶπρὸς
1236 1338 1278 1380 σὲ
1304 1338 1423 1393 λέγω;
1449 1338 1578 1393 τέρπω

199 1405 340 1446 τοίνυν
364 1403 539 1458 ἐμαυτὸν
573 1402 674 1459 ὁρᾶν
705 1419 744 1445 τε
775 1404 822 1445 τὰ
856 1404 906 1445 σὰ
941 1405 1074 1446 δοκῶν
1104 1405 1172 1446 καὶ
1205 1405 1483 1459 φθεγγόμενος
1508 1400 1574 1458 ἐφ’

197 1469 368 1528 ἑκάστῳ·
403 1477 494 1512 νῦν
524 1468 642 1524 ἡμῖν
674 1469 695 1511 ὅ
729 1470 1005 1520 Σπεκτάτος
1035 1471 1091 1512 οὐ
1123 1471 1283 1526 πόρρω
1318 1469 1578 1525 βασιλέως,

225 1609 235 1622 Ι
274 1570 322 1650 1D4
357 1562 406 1623 V‘l
428 1564 475 1610 γ’,
501 1562 574 1611 μβ.
614 1564 671 1600 Va
696 1562 745 1609 δ’,
770 1577 843 1610 μγ.
884 1564 936 1600 Vo
960 1562 1009 1608 δ’,
1035 1563 1107 1611 μγ’.
1140 1563 1170 1600 S
1192 1563 1241 1611 β’,
1271 1563 1345 1610 κη’.
1384 1564 1432 1599 Vi
1455 1562 1516 1609 ρι’.
1552 1564 1583 1600 G

203 1625 247 1656 γ.
341 1624 383 1647 νε

278 1702 298 1731 υ
326 1695 529 1732 Salzmaun
555 1699 601 1732 55
683 1699 727 1732 15
755 1695 902 1733 Sievere
928 1700 1011 1741 224,
1031 1701 1065 1733 4.
1106 1695 1226 1733 Seeck
1252 1700 1334 1732 281.
1362 1699 1444 1732 348.
1483 1695 1580 1731 Silo-

202 1755 290 1780 mon
319 1748 364 1781 16
426 1747 470 1780 18
496 1743 542 1780 cf.
563 1755 622 1791 ep.
643 1748 713 1780 331

279 1835 297 1864 1
324 1835 475 1866 πώποτε
509 1829 555 1866 Vo
588 1827 734 1866 πώποτ’
758 1829 788 1866 S
807 1834 813 1873 Ι
834 1829 920 1866 οὔτε
940 1831 973 1875 (1
996 1831 1036 1865 eb
1054 1833 1090 1876 2)
1117 1830 1153 1866 V
1173 1829 1241 1866 sed
1266 1842 1283 1865 ε
1304 1839 1388 1865 eras
1409 1829 1448 1864 et
1467 1827 1478 1841 ’
1503 1827 1579 1863 add

203 1876 275 1920 ω’,
308 1878 360 1914 Vo
388 1876 495 1913 Wolf
559 1880 580 1912 2
600 1877 789 1923 ἐμάρανεν
808 1877 912 1913 inser
938 1878 1010 1914 Vo*
1031 1878 1037 1919 Ι
1059 1878 1126 1914 καὶ
1144 1877 1186 1913 τὸ
1207 1879 1332 1923 φιλεῖν
1357 1877 1387 1914 S
1410 1877 1477 1912 sed
1497 1887 1581 1912 corr

203 1924 262 1960 ιη’
282 1927 288 1971 Ι
309 1925 598 1971 τέθηλενῐῖαῐῐο
619 1933 625 1973 Ι
647 1926 689 1962 τὸ
720 1926 824 1962 inser
850 1926 899 1962 V⁵
954 1930 975 1961 3
1001 1931 1127 1969 πρᾶον
1154 1926 1247 1962 Vas
1259 1926 1353 1962 ViD
1427 1929 1449 1960 4
1474 1924 1582 1969 παρά

203 1983 264 2009 σοι
294 1974 383 2018 post
415 1976 602 2018 τιμᾶσθαι
635 1973 879 2010 inserendum
911 1973 997 2010 coni
1024 1974 1078 2010 Re
1147 1978 1168 2009 5
1192 1972 1390 2020 Ἀλήθειαν
1415 1972 1549 2019 scripsi

206 2019 396 2065 ἀλήθειαν
420 2021 509 2057 libri
538 2021 645 2058 Wolf
675 2023 722 2058 cf.
744 2023 795 2058 ad
820 2033 878 2068 ep.
901 2026 971 2058 348
996 2034 1031 2068 p,
1055 2025 1173 2066 329,ss
1254 2025 1276 2057 6
1304 2020 1360 2058 ’ὅτι
1387 2024 1475 2057 ante
1502 2019 1580 2067 μεί-

203 2072 279 2112 ζων
303 2069 372 2106 SD
403 2080 464 2105 ran
497 2073 519 2103 3
551 2068 616 2106 litt
642 2071 678 2106 V
766 2074 785 2106 '1
813 2070 967 2107 κάλλιον
994 2071 1030 2108 V
1055 2071 1122 2107 sed
1153 2071 1257 2106 λλιον
1282 2070 1323 2105 in
1353 2081 1414 2105 ras
1439 2069 1498 2104 m⁶

205 2120 228 2153 8
249 2115 367 2159 οὕτως
385 2128 448 2154 om
473 2118 521 2154 Vi
541 2119 548 2163 Ι
569 2115 667 2162 noba
687 2118 720 2154 V
743 2118 808 2154 sed
836 2130 858 2154 σ
876 2129 958 2155 eras
979 2121 985 2165 Ι
1008 2124 1126 2155 αυτοῦ
1153 2119 1210 2155 Va
1247 2118 1366 2154 αὐτοῦ
1397 2118 1490 2153 ViD
1512 2120 1518 2163 Ι
1541 2128 1580 2153 σε

204 2175 266 2201 om
290 2166 335 2202 Vi
355 2167 362 2211 Ι
383 2166 588 2211 πεποίηται
610 2167 644 2203 V
665 2166 732 2202 sed
750 2179 815 2202 ται
840 2177 861 2202 e
885 2180 928 2203 το
947 2178 1031 2203 corr
1055 2166 1113 2202 m⁸
1194 2169 1215 2202 9
1241 2165 1359 2202 αὐτὸν
1390 2165 1534 2201 inserui
1561 2175 1581 2200 e.

208 2212 281 2249 SD
324 2225 387 2250 om
414 2214 508 2250 VVa
519 2214 569 2251 Vo
580 2214 625 2250 Vi
650 2213 759 2249 Wolf
782 2214 788 2262 Ι
816 2214 952 2261 μικρὸν
972 2235 1016 2242 -
1032 2213 1069 2262 ὁ]
1096 2213 1116 2250 ὁ
1137 2213 1180 2251 δὲ
1206 2214 1254 2250 Vi
1278 2225 1365 2250 cum
1384 2213 1444 2249 lac
1469 2218 1491 2250 5
1519 2213 1583 2248 litt

206 2263 295 2297 ante
321 2260 341 2298 ὃ
418 2265 462 2298 10
487 2261 553 2298 καὶ
578 2274 641 2298 om
666 2263 785 2299 VaVo
857 2267 899 2299 18
926 2261 1042 2309 ὁμοίω
1071 2264 1106 2299 V
1133 2261 1200 2298 sed
1228 2261 1272 2297 ίω
1299 2261 1338 2297 in
1365 2272 1427 2297 ras
1455 2266 1479 2297 4
1505 2261 1582 2306 litt,

206 2313 252 2344 ut
270 2309 419 2346 videtur
437 2308 537 2354 νοία,
562 2310 621 2345 m⁶
704 2313 748 2346 16
769 2307 840 2347 οὖν
864 2314 931 2346 aut
955 2310 1161 2347 delendum
1187 2312 1255 2345 aut
1280 2321 1365 2345 cum
1392 2315 1463 2345 νῦν
1495 2320 1582 2355 per-

207 2358 432 2394 mutandum
463 2359 593 2394 censet
617 2357 673 2394 Re
718 2360 725 2402 Ι
771 2359 817 2395 οὗ
842 2359 908 2395 καὶ
933 2358 1067 2405 scripsi
1093 2359 1163 2394 οὐκ
1189 2356 1238 2394 ἂν
1266 2357 1356 2393 libri
1383 2357 1490 2393 Wolf

210 2407 254 2440 1⁷
279 2405 411 2443 τοίνυν
437 2406 591 2452 reposui
615 2416 637 2443 e
661 2405 769 2442 libris
807 2404 878 2443 οὖν
902 2406 1011 2443 Wolf
1029 2409 1035 2452 Ι
1057 2405 1119 2453 ἐφ’
1144 2406 1280 2452 scripsi
1307 2417 1327 2441 e
1345 2406 1438 2442 VVa
1450 2404 1583 2441 Vicl)

206 2451 275 2536 εἷ’
299 2489 328 2526 S
362 2489 403 2526 ἐν
429 2490 482 2527 Vo
511 2487 618 2524 Wolf
684 2493 729 2526 18
755 2488 776 2526 ὁ
802 2500 864 2526 om
891 2490 922 2527 C
