<?xml version="1.0" encoding="UTF-8"?>
<!DOCTYPE html PUBLIC "-//W3C//DTD XHTML 1.0 Transitional//EN"
    "http://www.w3.org/TR/xhtml1/DTD/xhtml1-transitional.dtd">
<html xmlns="http://www.w3.org/1999/xhtml" xml:lang="en" lang="en">
 <head>
  <title>
</title>
<meta http-equiv="Content-Type" content="text/html;charset=utf-8" />
  <meta name='ocr-system' content='tesseract 3.04.00' />
  <meta name='ocr-capabilities' content='ocr_page ocr_carea ocr_par ocr_line ocrx_word'/>
</head>
<body>
  <div class='ocr_page' id='page_1' title='image "./operarecensuitri10libauoft_0593.png"; bbox 0 0 1806 2964; ppageno 0'>
   <div class='ocr_carea' id='block_1_1' title="bbox 629 225 1549 268">
    <p class='ocr_par' dir='ltr' id='par_1_1' title="bbox 629 225 1549 268">
     <span class='ocr_line' id='line_1_1' title="bbox 629 225 1549 268; baseline 0.008 -7"><span class='ocrx_word' id='word_1_1' title='bbox 629 225 902 263; x_wconf 70' lang='lat' dir='ltr'>EPISTULAE</span> <span class='ocrx_word' id='word_1_2' title='bbox 927 229 1036 263; x_wconf 58' lang='grc' dir='ltr'><em>σοι·</em></span> <span class='ocrx_word' id='word_1_3' title='bbox 1048 229 1117 261; x_wconf 75' lang='lat'><em>634</em></span> <span class='ocrx_word' id='word_1_4' title='bbox 1463 225 1549 268; x_wconf 83' lang='lat'><em>581</em></span> 
     </span>
    </p>
   </div>
   <div class='ocr_carea' id='block_1_2' title="bbox 658 335 1627 476">
    <p class='ocr_par' dir='ltr' id='par_1_2' title="bbox 658 335 1627 476">
     <span class='ocr_line' id='line_1_2' title="bbox 821 335 1627 393; baseline 0.004 -14"><span class='ocrx_word' id='word_1_5' title='bbox 821 335 913 393; x_wconf 79' lang='grc' dir='ltr'><em>χλγ’.</em></span> <span class='ocrx_word' id='word_1_6' title='bbox 1481 344 1531 381; x_wconf 80' lang='lat' dir='ltr'>W</span> <span class='ocrx_word' id='word_1_7' title='bbox 1556 347 1627 382; x_wconf 72' lang='lat'><em>⁶48</em></span> 
     </span>
     <span class='ocr_line' id='line_1_3' title="bbox 658 423 1089 476; baseline -0.005 -12"><span class='ocrx_word' id='word_1_8' title='bbox 658 423 947 476; x_wconf 80' lang='grc' dir='ltr'><em>Εὐδαίμονι.</em></span> <span class='ocrx_word' id='word_1_9' title='bbox 982 426 1089 470; x_wconf 87' lang='grc'><strong><em>(361)</em></strong></span> 
     </span>
    </p>
   </div>
   <div class='ocr_carea' id='block_1_3' title="bbox 181 501 1615 1486">
    <p class='ocr_par' dir='ltr' id='par_1_3' title="bbox 181 501 1615 1486">
     <span class='ocr_line' id='line_1_4' title="bbox 250 501 1553 562; baseline -0.002 -14"><span class='ocrx_word' id='word_1_10' title='bbox 250 511 285 548; x_wconf 95' lang='grc'><em>1.</em></span> <span class='ocrx_word' id='word_1_11' title='bbox 305 504 350 548; x_wconf 90' lang='grc' dir='ltr'><strong><em>Ὁ</em></strong></span> <span class='ocrx_word' id='word_1_12' title='bbox 374 506 483 562; x_wconf 82' lang='grc' dir='ltr'><em>παρὰ</em></span> <span class='ocrx_word' id='word_1_13' title='bbox 509 513 583 548; x_wconf 83' lang='grc' dir='ltr'><em>σοῦ</em></span> <span class='ocrx_word' id='word_1_14' title='bbox 615 505 688 560; x_wconf 78' lang='grc' dir='ltr'><em>μὲν</em></span> <span class='ocrx_word' id='word_1_15' title='bbox 719 506 806 560; x_wconf 76' lang='grc' dir='ltr'><em>ἐμοὶ</em></span> <span class='ocrx_word' id='word_1_16' title='bbox 838 507 1047 562; x_wconf 79' lang='grc' dir='ltr'><em>γράμματα</em></span> <span class='ocrx_word' id='word_1_17' title='bbox 1072 506 1265 561; x_wconf 72' lang='grc' dir='ltr'><em>ἐνεγκών,</em></span> <span class='ocrx_word' id='word_1_18' title='bbox 1297 505 1359 547; x_wconf 81' lang='grc' dir='ltr'><em>σοὶ</em></span> <span class='ocrx_word' id='word_1_19' title='bbox 1386 504 1429 547; x_wconf 73' lang='grc' dir='ltr'><em>δὲ</em></span> <span class='ocrx_word' id='word_1_20' title='bbox 1454 501 1553 547; x_wconf 79' lang='grc' dir='ltr'><em>καθ’</em></span> 
     </span>
     <span class='ocr_line' id='line_1_5' title="bbox 183 569 1558 627; baseline 0 -13"><span class='ocrx_word' id='word_1_21' title='bbox 183 572 300 627; x_wconf 76' lang='grc' dir='ltr'><em>ἡμῶν</em></span> <span class='ocrx_word' id='word_1_22' title='bbox 325 573 454 623; x_wconf 83' lang='grc' dir='ltr'><strong><em>αἰτίας</em></strong></span> <span class='ocrx_word' id='word_1_23' title='bbox 479 572 567 614; x_wconf 77' lang='grc' dir='ltr'><em>ἀντὶ</em></span> <span class='ocrx_word' id='word_1_24' title='bbox 592 580 672 614; x_wconf 86' lang='grc' dir='ltr'><em>τῶν</em></span> <span class='ocrx_word' id='word_1_25' title='bbox 697 569 792 627; x_wconf 87' lang='grc' dir='ltr'><em>παρ’</em></span> <span class='ocrx_word' id='word_1_26' title='bbox 822 572 938 626; x_wconf 78' lang='grc' dir='ltr'><em>ἡμῶν</em></span> <span class='ocrx_word' id='word_1_27' title='bbox 962 573 1224 627; x_wconf 79' lang='grc' dir='ltr'><em>γραμμάτων,</em></span> <span class='ocrx_word' id='word_1_28' title='bbox 1256 572 1409 623; x_wconf 77' lang='grc' dir='ltr'><em>εἰκάζω,</em></span> <span class='ocrx_word' id='word_1_29' title='bbox 1434 572 1558 621; x_wconf 77' lang='grc' dir='ltr'><em>κακὸς</em></span> 
     </span>
     <span class='ocr_line' id='line_1_6' title="bbox 184 634 1609 696; baseline -0.001 -16"><span class='ocrx_word' id='word_1_30' title='bbox 184 640 372 688; x_wconf 81' lang='grc' dir='ltr'><em>διάκονος</em></span> <span class='ocrx_word' id='word_1_31' title='bbox 409 634 462 692; x_wconf 80' lang='grc' dir='ltr'><em>ἦν</em></span> <span class='ocrx_word' id='word_1_32' title='bbox 499 638 567 681; x_wconf 77' lang='grc' dir='ltr'><em>καὶ</em></span> <span class='ocrx_word' id='word_1_33' title='bbox 602 640 676 681; x_wconf 77' lang='grc' dir='ltr'><em>οὐκ</em></span> <span class='ocrx_word' id='word_1_34' title='bbox 716 639 854 693; x_wconf 77' lang='grc' dir='ltr'><em>ἐχρῆτο</em></span> <span class='ocrx_word' id='word_1_35' title='bbox 889 639 1028 696; x_wconf 80' lang='grc' dir='ltr'><em>γνώμῃ</em></span> <span class='ocrx_word' id='word_1_36' title='bbox 1063 638 1313 692; x_wconf 80' lang='grc' dir='ltr'><em>βουλομένου</em></span> <span class='ocrx_word' id='word_1_37' title='bbox 1346 639 1556 693; x_wconf 81' lang='grc' dir='ltr'><em>γράμματα</em></span> <span class='ocrx_word' id='word_1_38' title='bbox 1593 652 1609 678; x_wconf 73' lang='grc' dir='ltr'><em>ι</em></span> 
     </span>
     <span class='ocr_line' id='line_1_7' title="bbox 183 699 1556 760; baseline -0.002 -13"><span class='ocrx_word' id='word_1_39' title='bbox 183 706 335 760; x_wconf 80' lang='grc' dir='ltr'><strong><em>λαβεῖν,</em></strong></span> <span class='ocrx_word' id='word_1_40' title='bbox 359 703 459 746; x_wconf 79' lang='grc' dir='ltr'><em>ἀλλὰ</em></span> <span class='ocrx_word' id='word_1_41' title='bbox 484 706 701 755; x_wconf 81' lang='grc' dir='ltr'><em>δοκοῦντος</em></span> <span class='ocrx_word' id='word_1_42' title='bbox 731 705 887 747; x_wconf 80' lang='grc' dir='ltr'><strong><em>ἐθέλειν</em></strong></span> <span class='ocrx_word' id='word_1_43' title='bbox 911 705 1056 759; x_wconf 84' lang='grc' dir='ltr'><em>λαβεῖν.</em></span> <span class='ocrx_word' id='word_1_44' title='bbox 1114 704 1170 758; x_wconf 83' lang='grc' dir='ltr'><em>μὴ</em></span> <span class='ocrx_word' id='word_1_45' title='bbox 1196 699 1272 745; x_wconf 79' lang='grc' dir='ltr'><em>οὖν</em></span> <span class='ocrx_word' id='word_1_46' title='bbox 1297 704 1393 745; x_wconf 80' lang='grc' dir='ltr'><em>ἔστω</em></span> <span class='ocrx_word' id='word_1_47' title='bbox 1418 702 1556 752; x_wconf 84' lang='grc' dir='ltr'><em>πιστὸς</em></span> 
     </span>
     <span class='ocr_line' id='line_1_8' title="bbox 185 767 1556 826; baseline -0.001 -14"><span class='ocrx_word' id='word_1_48' title='bbox 185 772 228 813; x_wconf 78' lang='grc' dir='ltr'><em>ἐν</em></span> <span class='ocrx_word' id='word_1_49' title='bbox 252 775 339 820; x_wconf 87' lang='grc' dir='ltr'><em>ταῖς</em></span> <span class='ocrx_word' id='word_1_50' title='bbox 370 772 645 826; x_wconf 77' lang='grc' dir='ltr'><em>κατηγορίαις,</em></span> <span class='ocrx_word' id='word_1_51' title='bbox 670 767 754 812; x_wconf 85' lang='grc' dir='ltr'><em>ἀλλ’</em></span> <span class='ocrx_word' id='word_1_52' title='bbox 779 770 800 812; x_wconf 81' lang='grc' dir='ltr'>ὀ</span> <span class='ocrx_word' id='word_1_53' title='bbox 826 771 969 825; x_wconf 84' lang='grc' dir='ltr'><em>χρόνος</em></span> <span class='ocrx_word' id='word_1_54' title='bbox 999 776 1071 824; x_wconf 83' lang='grc' dir='ltr'><em>τῆς</em></span> <span class='ocrx_word' id='word_1_55' title='bbox 1095 768 1286 824; x_wconf 81' lang='grc' dir='ltr'><em>ἡμετέρας</em></span> <span class='ocrx_word' id='word_1_56' title='bbox 1311 770 1447 822; x_wconf 87' lang='grc' dir='ltr'><em>φιλίας</em></span> <span class='ocrx_word' id='word_1_57' title='bbox 1472 773 1556 821; x_wconf 81' lang='grc' dir='ltr'><em>μεῖ-</em></span> 
     </span>
     <span class='ocr_line' id='line_1_9' title="bbox 183 834 1558 892; baseline -0.001 -14"><span class='ocrx_word' id='word_1_58' title='bbox 183 839 253 886; x_wconf 76' lang='grc' dir='ltr'><em>ζον</em></span> <span class='ocrx_word' id='word_1_59' title='bbox 279 836 442 891; x_wconf 85' lang='grc' dir='ltr'><em>ι’σχυὲτω</em></span> <span class='ocrx_word' id='word_1_60' title='bbox 467 843 547 878; x_wconf 83' lang='grc' dir='ltr'><em>τῶν</em></span> <span class='ocrx_word' id='word_1_61' title='bbox 577 836 734 878; x_wconf 77' lang='grc' dir='ltr'><em>ἐκείνου</em></span> <span class='ocrx_word' id='word_1_62' title='bbox 759 838 959 892; x_wconf 79' lang='grc' dir='ltr'><em>ῥημάτων.</em></span> <span class='ocrx_word' id='word_1_63' title='bbox 993 839 1031 877; x_wconf 83' lang='grc'><em>2.</em></span> <span class='ocrx_word' id='word_1_64' title='bbox 1057 843 1132 878; x_wconf 88' lang='grc' dir='ltr'><em>σοῦ</em></span> <span class='ocrx_word' id='word_1_65' title='bbox 1165 834 1208 877; x_wconf 80' lang='grc' dir='ltr'><em>δὲ</em></span> <span class='ocrx_word' id='word_1_66' title='bbox 1246 836 1320 877; x_wconf 80' lang='grc' dir='ltr'><em>οὐκ</em></span> <span class='ocrx_word' id='word_1_67' title='bbox 1345 834 1396 876; x_wconf 74' lang='grc' dir='ltr'><em>ἂν</em></span> <span class='ocrx_word' id='word_1_68' title='bbox 1428 836 1558 889; x_wconf 82' lang='grc' dir='ltr'><strong><em>φαίην</em></strong></span> 
     </span>
     <span class='ocr_line' id='line_1_10' title="bbox 183 900 1555 957; baseline -0.001 -13"><span class='ocrx_word' id='word_1_69' title='bbox 183 903 407 957; x_wconf 79' lang='grc' dir='ltr'><em>θαυμάζειν</em></span> <span class='ocrx_word' id='word_1_70' title='bbox 437 903 475 944; x_wconf 81' lang='grc' dir='ltr'><em>εἰ</em></span> <span class='ocrx_word' id='word_1_71' title='bbox 496 902 666 956; x_wconf 82' lang='grc' dir='ltr'><em>ποιητὴς</em></span> <span class='ocrx_word' id='word_1_72' title='bbox 690 902 762 957; x_wconf 81' lang='grc' dir='ltr'><em>ὤν,</em></span> <span class='ocrx_word' id='word_1_73' title='bbox 787 902 920 944; x_wconf 81' lang='grc' dir='ltr'><em>ἔπειτα</em></span> <span class='ocrx_word' id='word_1_74' title='bbox 946 903 1157 957; x_wconf 78' lang='grc' dir='ltr'><em>Αἰγύπτου</em></span> <span class='ocrx_word' id='word_1_75' title='bbox 1176 901 1397 956; x_wconf 87' lang='grc' dir='ltr'><em>λαβόμενος</em></span> <span class='ocrx_word' id='word_1_76' title='bbox 1421 900 1555 942; x_wconf 77' lang='grc' dir='ltr'><em>ἐπελά-</em></span> 
     </span>
     <span class='ocr_line' id='line_1_11' title="bbox 184 967 1615 1024; baseline -0.002 -14"><span class='ocrx_word' id='word_1_77' title='bbox 184 973 266 1011; x_wconf 85' lang='grc' dir='ltr'><em>θου</em></span> <span class='ocrx_word' id='word_1_78' title='bbox 291 975 363 1023; x_wconf 82' lang='grc' dir='ltr'><em>τῆς</em></span> <span class='ocrx_word' id='word_1_79' title='bbox 387 968 477 1023; x_wconf 80' lang='grc' dir='ltr'><em>περὶ</em></span> <span class='ocrx_word' id='word_1_80' title='bbox 503 968 574 1010; x_wconf 87' lang='grc' dir='ltr'><em>τὸν</em></span> <span class='ocrx_word' id='word_1_81' title='bbox 599 968 810 1024; x_wconf 81' lang='grc' dir='ltr'><em>Βόσπορον</em></span> <span class='ocrx_word' id='word_1_82' title='bbox 835 975 1012 1023; x_wconf 83' lang='grc' dir='ltr'><em>τρυφῆς,</em></span> <span class='ocrx_word' id='word_1_83' title='bbox 1043 967 1128 1010; x_wconf 75' lang='grc' dir='ltr'><em>ἐπεὶ</em></span> <span class='ocrx_word' id='word_1_84' title='bbox 1158 968 1226 1009; x_wconf 81' lang='grc' dir='ltr'><em>καὶ</em></span> <span class='ocrx_word' id='word_1_85' title='bbox 1251 967 1497 1022; x_wconf 81' lang='grc' dir='ltr'><em>Κασάνδραν</em></span> <span class='ocrx_word' id='word_1_86' title='bbox 1522 967 1562 1008; x_wconf 79' lang='grc' dir='ltr'><em>εἴ</em></span> <span class='ocrx_word' id='word_1_87' title='bbox 1577 981 1615 1008; x_wconf 77' lang='grc' dir='ltr'><em>ιο</em></span> 
     </span>
     <span class='ocr_line' id='line_1_12' title="bbox 183 1033 1557 1090; baseline -0.001 -15"><span class='ocrx_word' id='word_1_88' title='bbox 183 1050 241 1084; x_wconf 88' lang='grc' dir='ltr'><em>τις</em></span> <span class='ocrx_word' id='word_1_89' title='bbox 268 1034 418 1089; x_wconf 74' lang='grc' dir='ltr'><em>ἤγαγεν</em></span> <span class='ocrx_word' id='word_1_90' title='bbox 448 1035 504 1084; x_wconf 89' lang='grc' dir='ltr'><em>εἰς</em></span> <span class='ocrx_word' id='word_1_91' title='bbox 528 1035 714 1087; x_wconf 83' lang='grc' dir='ltr'><em>Δελφοὺς</em></span> <span class='ocrx_word' id='word_1_92' title='bbox 745 1035 812 1076; x_wconf 79' lang='grc' dir='ltr'><em>καὶ</em></span> <span class='ocrx_word' id='word_1_93' title='bbox 836 1035 1068 1090; x_wconf 77' lang='grc' dir='ltr'><em>παρήγαγεν</em></span> <span class='ocrx_word' id='word_1_94' title='bbox 1099 1034 1156 1083; x_wconf 82' lang='grc' dir='ltr'><em>εἰς</em></span> <span class='ocrx_word' id='word_1_95' title='bbox 1185 1033 1229 1075; x_wconf 85' lang='grc' dir='ltr'><em>τὸ</em></span> <span class='ocrx_word' id='word_1_96' title='bbox 1262 1034 1453 1087; x_wconf 80' lang='grc' dir='ltr'><em>μαντικὸν</em></span> <span class='ocrx_word' id='word_1_97' title='bbox 1482 1049 1557 1087; x_wconf 80' lang='grc' dir='ltr'><em>χω-</em></span> 
     </span>
     <span class='ocr_line' id='line_1_13' title="bbox 181 1096 1556 1157; baseline -0.002 -15"><span class='ocrx_word' id='word_1_98' title='bbox 181 1101 286 1156; x_wconf 91' lang='grc' dir='ltr'><em>ρίον,</em></span> <span class='ocrx_word' id='word_1_99' title='bbox 311 1101 427 1142; x_wconf 83' lang='grc' dir='ltr'><em>δοκεῖ</em></span> <span class='ocrx_word' id='word_1_100' title='bbox 445 1116 513 1154; x_wconf 82' lang='grc' dir='ltr'><em>μοι</em></span> <span class='ocrx_word' id='word_1_101' title='bbox 538 1100 664 1155; x_wconf 82' lang='grc' dir='ltr'><em>μηδὲν</em></span> <span class='ocrx_word' id='word_1_102' title='bbox 690 1100 741 1142; x_wconf 74' lang='grc' dir='ltr'><em>ἂν</em></span> <span class='ocrx_word' id='word_1_103' title='bbox 766 1101 822 1142; x_wconf 78' lang='grc' dir='ltr'><em>ἔτι</em></span> <span class='ocrx_word' id='word_1_104' title='bbox 846 1108 926 1142; x_wconf 84' lang='grc' dir='ltr'><em>τῶν</em></span> <span class='ocrx_word' id='word_1_105' title='bbox 951 1101 996 1142; x_wconf 79' lang='grc' dir='ltr'><em>ἐν</em></span> <span class='ocrx_word' id='word_1_106' title='bbox 1016 1096 1119 1157; x_wconf 76' lang='grc' dir='ltr'><em>Ἰλίῳ</em></span> <span class='ocrx_word' id='word_1_107' title='bbox 1145 1104 1336 1155; x_wconf 83' lang='grc' dir='ltr'><em>λαμπρῶν</em></span> <span class='ocrx_word' id='word_1_108' title='bbox 1362 1099 1556 1153; x_wconf 87' lang='grc' dir='ltr'><em>πρότερον</em></span> 
     </span>
     <span class='ocr_line' id='line_1_14' title="bbox 182 1164 1555 1220; baseline -0.001 -13"><span class='ocrx_word' id='word_1_109' title='bbox 182 1166 433 1220; x_wconf 81' lang='grc' dir='ltr'><em>ποιήσασθαι</em></span> <span class='ocrx_word' id='word_1_110' title='bbox 466 1173 545 1207; x_wconf 84' lang='grc' dir='ltr'><em>τῶν</em></span> <span class='ocrx_word' id='word_1_111' title='bbox 579 1167 623 1208; x_wconf 78' lang='grc' dir='ltr'><em>ἐν</em></span> <span class='ocrx_word' id='word_1_112' title='bbox 661 1170 837 1218; x_wconf 83' lang='grc' dir='ltr'><em>Δελφοῖς</em></span> <span class='ocrx_word' id='word_1_113' title='bbox 870 1171 1015 1209; x_wconf 80' lang='grc' dir='ltr'><em>καλῶν.</em></span> <span class='ocrx_word' id='word_1_114' title='bbox 1067 1169 1105 1207; x_wconf 91' lang='grc'><em>3.</em></span> <span class='ocrx_word' id='word_1_115' title='bbox 1140 1172 1219 1208; x_wconf 79' lang='grc' dir='ltr'><em>νῦν</em></span> <span class='ocrx_word' id='word_1_116' title='bbox 1254 1164 1297 1207; x_wconf 76' lang='grc' dir='ltr'><em>δὲ</em></span> <span class='ocrx_word' id='word_1_117' title='bbox 1331 1166 1382 1219; x_wconf 84' lang='grc' dir='ltr'><em>δή</em></span> <span class='ocrx_word' id='word_1_118' title='bbox 1417 1181 1454 1206; x_wconf 91' lang='grc' dir='ltr'><em>τι</em></span> <span class='ocrx_word' id='word_1_119' title='bbox 1487 1164 1555 1206; x_wconf 74' lang='grc' dir='ltr'><em>καὶ</em></span> 
     </span>
     <span class='ocr_line' id='line_1_15' title="bbox 182 1230 1554 1288; baseline -0.001 -15"><span class='ocrx_word' id='word_1_120' title='bbox 182 1230 304 1274; x_wconf 77' lang='grc' dir='ltr'><em>πλέον</em></span> <span class='ocrx_word' id='word_1_121' title='bbox 332 1231 613 1287; x_wconf 79' lang='grc' dir='ltr'><em>προσγέγονεν·</em></span> <span class='ocrx_word' id='word_1_122' title='bbox 639 1231 748 1288; x_wconf 79' lang='grc' dir='ltr'><em>ι’ίρχει</em></span> <span class='ocrx_word' id='word_1_123' title='bbox 776 1233 986 1287; x_wconf 86' lang='grc' dir='ltr'><em>Γερόντιος</em></span> <span class='ocrx_word' id='word_1_124' title='bbox 1011 1233 1251 1288; x_wconf 79' lang='grc' dir='ltr'><em>Αἰγυπτίων</em></span> <span class='ocrx_word' id='word_1_125' title='bbox 1279 1232 1421 1287; x_wconf 83' lang='grc' dir='ltr'><em>λόγους</em></span> <span class='ocrx_word' id='word_1_126' title='bbox 1453 1231 1554 1286; x_wconf 78' lang='grc' dir='ltr'><em>ἔχων</em></span> 
     </span>
     <span class='ocr_line' id='line_1_16' title="bbox 183 1295 1610 1354; baseline -0.001 -15"><span class='ocrx_word' id='word_1_127' title='bbox 183 1313 223 1340; x_wconf 80' lang='grc' dir='ltr'><em>τε</em></span> <span class='ocrx_word' id='word_1_128' title='bbox 242 1297 309 1339; x_wconf 76' lang='grc' dir='ltr'><em>καὶ</em></span> <span class='ocrx_word' id='word_1_129' title='bbox 333 1305 458 1351; x_wconf 84' lang='grc' dir='ltr'><em>τιμῶν</em></span> <span class='ocrx_word' id='word_1_130' title='bbox 485 1299 578 1348; x_wconf 84' lang='grc' dir='ltr'><em>τοὺς</em></span> <span class='ocrx_word' id='word_1_131' title='bbox 602 1299 773 1354; x_wconf 80' lang='grc' dir='ltr'><em>ἔχοντας.</em></span> <span class='ocrx_word' id='word_1_132' title='bbox 817 1307 934 1342; x_wconf 85' lang='grc' dir='ltr'><em>τοῦτο</em></span> <span class='ocrx_word' id='word_1_133' title='bbox 966 1295 1004 1341; x_wconf 79' lang='grc' dir='ltr'><em>δ’</em></span> <span class='ocrx_word' id='word_1_134' title='bbox 1027 1298 1107 1340; x_wconf 74' lang='grc' dir='ltr'><em>ἐστὶ</em></span> <span class='ocrx_word' id='word_1_135' title='bbox 1140 1299 1309 1340; x_wconf 84' lang='grc' dir='ltr'><em>διπλοῦν</em></span> <span class='ocrx_word' id='word_1_136' title='bbox 1347 1310 1410 1339; x_wconf 94' lang='grc' dir='ltr'><em>σοι</em></span> <span class='ocrx_word' id='word_1_137' title='bbox 1443 1312 1552 1352; x_wconf 88' lang='grc' dir='ltr'><em>γεγο·</em></span> <span class='ocrx_word' id='word_1_138' title='bbox 1576 1311 1610 1338; x_wconf 73' lang='lat'><em>1⁶</em></span> 
     </span>
     <span class='ocr_line' id='line_1_17' title="bbox 183 1359 1555 1422; baseline -0.001 -17"><span class='ocrx_word' id='word_1_139' title='bbox 183 1363 296 1406; x_wconf 81' lang='grc' dir='ltr'><em>νέναι</em></span> <span class='ocrx_word' id='word_1_140' title='bbox 325 1364 396 1406; x_wconf 88' lang='grc' dir='ltr'><em>τὸν</em></span> <span class='ocrx_word' id='word_1_141' title='bbox 426 1364 590 1418; x_wconf 83' lang='grc' dir='ltr'><em>δασμόν.</em></span> <span class='ocrx_word' id='word_1_142' title='bbox 628 1363 724 1407; x_wconf 76' lang='grc' dir='ltr'><em>οὐδὲ</em></span> <span class='ocrx_word' id='word_1_143' title='bbox 754 1365 843 1422; x_wconf 76' lang='grc' dir='ltr'><em>γάρ,</em></span> <span class='ocrx_word' id='word_1_144' title='bbox 874 1366 912 1407; x_wconf 85' lang='grc' dir='ltr'><em>εἰ</em></span> <span class='ocrx_word' id='word_1_145' title='bbox 934 1364 982 1406; x_wconf 82' lang='grc' dir='ltr'><em>τὰ</em></span> <span class='ocrx_word' id='word_1_146' title='bbox 1010 1365 1206 1419; x_wconf 85' lang='grc' dir='ltr'><em>Τέλληνος</em></span> <span class='ocrx_word' id='word_1_147' title='bbox 1237 1361 1329 1421; x_wconf 75' lang='grc' dir='ltr'><em>ᾄδοι</em></span> <span class='ocrx_word' id='word_1_148' title='bbox 1359 1380 1437 1416; x_wconf 87' lang='grc' dir='ltr'><em>τις,</em></span> <span class='ocrx_word' id='word_1_149' title='bbox 1470 1359 1555 1413; x_wconf 79' lang='grc' dir='ltr'><em>οἷός</em></span> 
     </span>
     <span class='ocr_line' id='line_1_18' title="bbox 183 1429 970 1486; baseline 0.003 -15"><span class='ocrx_word' id='word_1_150' title='bbox 183 1445 222 1471; x_wconf 87' lang='grc' dir='ltr'><em>τε</em></span> <span class='ocrx_word' id='word_1_151' title='bbox 247 1429 354 1472; x_wconf 74' lang='grc' dir='ltr'><em>ἔσται</em></span> <span class='ocrx_word' id='word_1_152' title='bbox 379 1430 480 1484; x_wconf 85' lang='grc' dir='ltr'><em>πρὸς</em></span> <span class='ocrx_word' id='word_1_153' title='bbox 503 1430 627 1472; x_wconf 86' lang='grc' dir='ltr'><em>αὑτόν</em></span> <span class='ocrx_word' id='word_1_154' title='bbox 653 1444 695 1473; x_wconf 90' lang='grc' dir='ltr'><em>σε</em></span> <span class='ocrx_word' id='word_1_155' title='bbox 721 1438 970 1486; x_wconf 85' lang='grc' dir='ltr'><em>μεταστῆσαι.</em></span> 
     </span>
    </p>
   </div>
   <div class='ocr_carea' id='block_1_4' title="bbox 642 1565 1628 1712">
    <p class='ocr_par' dir='ltr' id='par_1_4' title="bbox 642 1565 1628 1712">
     <span class='ocr_line' id='line_1_19' title="bbox 818 1565 1628 1624; baseline -0.001 -13"><span class='ocrx_word' id='word_1_156' title='bbox 818 1565 910 1624; x_wconf 80' lang='grc' dir='ltr'><em>χλδ’.</em></span> <span class='ocrx_word' id='word_1_157' title='bbox 1482 1574 1532 1611; x_wconf 86' lang='lat' dir='ltr'>W</span> <span class='ocrx_word' id='word_1_158' title='bbox 1556 1577 1628 1611; x_wconf 74' lang='lat'><em>⁶49</em></span> 
     </span>
     <span class='ocr_line' id='line_1_20' title="bbox 642 1650 1087 1712; baseline 0 -17"><span class='ocrx_word' id='word_1_159' title='bbox 642 1650 946 1712; x_wconf 76' lang='grc' dir='ltr'><em>Ἀμφιλοχίφ.</em></span> <span class='ocrx_word' id='word_1_160' title='bbox 980 1658 1087 1703; x_wconf 88' lang='grc'><strong><em>(361)</em></strong></span> 
     </span>
    </p>
   </div>
   <div class='ocr_carea' id='block_1_5' title="bbox 182 1735 1608 1858">
    <p class='ocr_par' dir='ltr' id='par_1_5' title="bbox 182 1735 1608 1858">
     <span class='ocr_line' id='line_1_21' title="bbox 245 1735 1608 1792; baseline 0.001 -17"><span class='ocrx_word' id='word_1_161' title='bbox 245 1740 283 1776; x_wconf 94' lang='grc'><em>1.</em></span> <span class='ocrx_word' id='word_1_162' title='bbox 309 1736 366 1776; x_wconf 84' lang='grc' dir='ltr'><em>Εἰ</em></span> <span class='ocrx_word' id='word_1_163' title='bbox 395 1736 450 1789; x_wconf 85' lang='grc' dir='ltr'><em>μὴ</em></span> <span class='ocrx_word' id='word_1_164' title='bbox 481 1743 603 1777; x_wconf 86' lang='grc' dir='ltr'><em>ταῦτα</em></span> <span class='ocrx_word' id='word_1_165' title='bbox 635 1737 820 1791; x_wconf 77' lang='grc' dir='ltr'><em>ἐποίουν,</em></span> <span class='ocrx_word' id='word_1_166' title='bbox 851 1736 1021 1791; x_wconf 83' lang='grc' dir='ltr'><em>ἠδίκουν</em></span> <span class='ocrx_word' id='word_1_167' title='bbox 1051 1737 1123 1792; x_wconf 76' lang='grc' dir='ltr'><em>ἅν,</em></span> <span class='ocrx_word' id='word_1_168' title='bbox 1154 1744 1283 1779; x_wconf 83' lang='grc' dir='ltr'><em>ποιῶν</em></span> <span class='ocrx_word' id='word_1_169' title='bbox 1318 1736 1361 1779; x_wconf 84' lang='grc' dir='ltr'><em>δὲ</em></span> <span class='ocrx_word' id='word_1_170' title='bbox 1396 1737 1470 1779; x_wconf 83' lang='grc' dir='ltr'><em>οὐκ</em></span> <span class='ocrx_word' id='word_1_171' title='bbox 1500 1735 1554 1778; x_wconf 76' lang='grc' dir='ltr'><em>ἂν</em></span> <span class='ocrx_word' id='word_1_172' title='bbox 1572 1749 1608 1775; x_wconf 75' lang='lat'><em>20</em></span> 
     </span>
     <span class='ocr_line' id='line_1_22' title="bbox 182 1799 1555 1858; baseline 0.003 -17"><span class='ocrx_word' id='word_1_173' title='bbox 182 1801 343 1850; x_wconf 79' lang='grc' dir='ltr'><em>εἰκότως</em></span> <span class='ocrx_word' id='word_1_174' title='bbox 367 1800 624 1856; x_wconf 77' lang='grc' dir='ltr'><em>ἐπαινοίμην·</em></span> <span class='ocrx_word' id='word_1_175' title='bbox 657 1802 741 1844; x_wconf 76' lang='grc' dir='ltr'><em>ἐπεὶ</em></span> <span class='ocrx_word' id='word_1_176' title='bbox 765 1803 833 1844; x_wconf 78' lang='grc' dir='ltr'><em>καὶ</em></span> <span class='ocrx_word' id='word_1_177' title='bbox 857 1803 907 1845; x_wconf 82' lang='grc' dir='ltr'><em>σὺ</em></span> <span class='ocrx_word' id='word_1_178' title='bbox 932 1810 1012 1845; x_wconf 84' lang='grc' dir='ltr'><em>τῶν</em></span> <span class='ocrx_word' id='word_1_179' title='bbox 1031 1803 1104 1858; x_wconf 80' lang='grc' dir='ltr'><em>μὲν</em></span> <span class='ocrx_word' id='word_1_180' title='bbox 1129 1802 1250 1845; x_wconf 78' lang='grc' dir='ltr'><em>υἱέων</em></span> <span class='ocrx_word' id='word_1_181' title='bbox 1275 1803 1430 1857; x_wconf 81' lang='grc' dir='ltr'><em>ἀμελῶν</em></span> <span class='ocrx_word' id='word_1_182' title='bbox 1454 1799 1555 1857; x_wconf 76' lang='grc' dir='ltr'><em>εἶχες</em></span> 
     </span>
    </p>
   </div>
   <div class='ocr_carea' id='block_1_6' title="bbox 183 1876 473 1886">
    <p class='ocr_par' dir='ltr' id='par_1_6' title="bbox 183 1876 473 1886">
     <span class='ocr_line' id='line_1_23' title="bbox 183 1876 473 1886; baseline 0 1078"><span class='ocrx_word' id='word_1_183' title='bbox 183 1876 473 1886; x_wconf 95' lang='lat' dir='ltr'><em> </em></span> 
     </span>
    </p>
   </div>
   <div class='ocr_carea' id='block_1_7' title="bbox 183 1916 1482 2014">
    <p class='ocr_par' dir='ltr' id='par_1_7' title="bbox 183 1916 1482 2014">
     <span class='ocr_line' id='line_1_24' title="bbox 255 1916 1482 1967; baseline 0.001 -14"><span class='ocrx_word' id='word_1_184' title='bbox 255 1921 274 1952; x_wconf 91' lang='grc'><strong>1</strong></span> <span class='ocrx_word' id='word_1_185' title='bbox 310 1918 378 1954; x_wconf 71' lang='lat' dir='ltr'><em>Vn</em></span> <span class='ocrx_word' id='word_1_186' title='bbox 399 1916 446 1965; x_wconf 79' lang='grc' dir='ltr'><em>β’,</em></span> <span class='ocrx_word' id='word_1_187' title='bbox 471 1916 545 1954; x_wconf 69' lang='lat' dir='ltr'><em>w&#39;.</em></span> <span class='ocrx_word' id='word_1_188' title='bbox 580 1918 635 1955; x_wconf 85' lang='lat' dir='ltr'><em>Va</em></span> <span class='ocrx_word' id='word_1_189' title='bbox 660 1918 703 1964; x_wconf 75' lang='grc' dir='ltr'><em>ζ’,</em></span> <span class='ocrx_word' id='word_1_190' title='bbox 729 1919 798 1955; x_wconf 58' lang='grc' dir='ltr'><em>ιθῖ</em></span> <span class='ocrx_word' id='word_1_191' title='bbox 833 1920 885 1956; x_wconf 90' lang='lat' dir='ltr'><em>Vo</em></span> <span class='ocrx_word' id='word_1_192' title='bbox 910 1919 982 1967; x_wconf 66' lang='grc' dir='ltr'>(ἴ),</span> <span class='ocrx_word' id='word_1_193' title='bbox 1006 1918 1075 1956; x_wconf 73' lang='grc' dir='ltr'><em>ιθ’.</em></span> <span class='ocrx_word' id='word_1_194' title='bbox 1103 1919 1182 1956; x_wconf 86' lang='grc' dir='ltr'><em>Μο.</em></span> <span class='ocrx_word' id='word_1_195' title='bbox 1210 1919 1240 1956; x_wconf 79' lang='lat' dir='ltr'><em>S</em></span> <span class='ocrx_word' id='word_1_196' title='bbox 1261 1919 1303 1964; x_wconf 84' lang='grc' dir='ltr'><em>ε’,</em></span> <span class='ocrx_word' id='word_1_197' title='bbox 1329 1918 1376 1965; x_wconf 87' lang='grc' dir='ltr'><em>μ’.</em></span> <span class='ocrx_word' id='word_1_198' title='bbox 1404 1920 1482 1955; x_wconf 76' lang='lat' dir='ltr'><em>Ath</em></span> 
     </span>
     <span class='ocr_line' id='line_1_25' title="bbox 183 1963 1107 2014; baseline 0.003 -14"><span class='ocrx_word' id='word_1_199' title='bbox 183 1967 228 2001; x_wconf 81' lang='lat'><em>18</em></span> <span class='ocrx_word' id='word_1_200' title='bbox 260 1965 329 2002; x_wconf 84' lang='lat' dir='ltr'><em>Vn</em></span> <span class='ocrx_word' id='word_1_201' title='bbox 351 1963 402 2010; x_wconf 86' lang='grc' dir='ltr'><em>α’,</em></span> <span class='ocrx_word' id='word_1_202' title='bbox 428 1965 525 2012; x_wconf 67' lang='lat' dir='ltr'><strong>oqs‘.</strong></span> <span class='ocrx_word' id='word_1_203' title='bbox 558 1966 614 2003; x_wconf 81' lang='lat' dir='ltr'><em>Va</em></span> <span class='ocrx_word' id='word_1_204' title='bbox 639 1966 682 2012; x_wconf 67' lang='grc' dir='ltr'><em>ζ,</em></span> <span class='ocrx_word' id='word_1_205' title='bbox 707 1964 755 2003; x_wconf 79' lang='grc' dir='ltr'><em>κ’.</em></span> <span class='ocrx_word' id='word_1_206' title='bbox 791 1967 841 2004; x_wconf 90' lang='lat' dir='ltr'><em>Vo</em></span> <span class='ocrx_word' id='word_1_207' title='bbox 866 1967 935 2014; x_wconf 81' lang='grc' dir='ltr'>(ζ’),</span> <span class='ocrx_word' id='word_1_208' title='bbox 956 1966 1004 2005; x_wconf 79' lang='grc' dir='ltr'><em>κ’.</em></span> <span class='ocrx_word' id='word_1_209' title='bbox 1029 1968 1107 2004; x_wconf 78' lang='lat' dir='ltr'><em>Ath</em></span> 
     </span>
    </p>
   </div>
   <div class='ocr_carea' id='block_1_8' title="bbox 179 2032 467 2041">
    <p class='ocr_par' dir='ltr' id='par_1_8' title="bbox 179 2032 467 2041">
     <span class='ocr_line' id='line_1_26' title="bbox 179 2032 467 2041; baseline 0 923"><span class='ocrx_word' id='word_1_210' title='bbox 179 2032 467 2041; x_wconf 95' lang='lat' dir='ltr'><em> </em></span> 
     </span>
    </p>
   </div>
   <div class='ocr_carea' id='block_1_9' title="bbox 183 2071 1553 2214">
    <p class='ocr_par' dir='ltr' id='par_1_9' title="bbox 183 2071 1553 2214">
     <span class='ocr_line' id='line_1_27' title="bbox 255 2071 1553 2119; baseline 0 -11"><span class='ocrx_word' id='word_1_211' title='bbox 255 2076 276 2108; x_wconf 82' lang='grc'><strong>2</strong></span> <span class='ocrx_word' id='word_1_212' title='bbox 302 2071 349 2108; x_wconf 83' lang='lat' dir='ltr'><em>cf.</em></span> <span class='ocrx_word' id='word_1_213' title='bbox 370 2084 429 2119; x_wconf 78' lang='lat' dir='ltr'><em>ep.</em></span> <span class='ocrx_word' id='word_1_214' title='bbox 450 2076 531 2109; x_wconf 78' lang='lat'><strong>682.</strong></span> <span class='ocrx_word' id='word_1_215' title='bbox 558 2072 703 2110; x_wconf 76' lang='lat' dir='ltr'><strong>sievers</strong></span> <span class='ocrx_word' id='word_1_216' title='bbox 723 2077 768 2110; x_wconf 80' lang='grc'><em>82</em></span> <span class='ocrx_word' id='word_1_217' title='bbox 788 2075 866 2111; x_wconf 75' lang='lat' dir='ltr'><strong>not.</strong></span> <span class='ocrx_word' id='word_1_218' title='bbox 889 2078 944 2111; x_wconf 80' lang='lat'><em>70.</em></span> <span class='ocrx_word' id='word_1_219' title='bbox 972 2074 1091 2111; x_wconf 82' lang='lat' dir='ltr'><strong>Seeck</strong></span> <span class='ocrx_word' id='word_1_220' title='bbox 1112 2078 1191 2111; x_wconf 83' lang='lat'><strong>181.</strong></span> <span class='ocrx_word' id='word_1_221' title='bbox 1213 2077 1282 2110; x_wconf 77' lang='lat'><em>885</em></span> <span class='ocrx_word' id='word_1_222' title='bbox 1352 2077 1397 2110; x_wconf 90' lang='lat'><em>10</em></span> <span class='ocrx_word' id='word_1_223' title='bbox 1416 2073 1553 2111; x_wconf 74' lang='lat' dir='ltr'>Aesch-</span> 
     </span>
     <span class='ocr_line' id='line_1_28' title="bbox 183 2120 1550 2168; baseline 0.002 -12"><span class='ocrx_word' id='word_1_224' title='bbox 183 2120 251 2167; x_wconf 60' lang='grc' dir='ltr'><em>ΑΒ.</em></span> <span class='ocrx_word' id='word_1_225' title='bbox 275 2123 377 2156; x_wconf 86' lang='grc'><strong>1212.</strong></span> <span class='ocrx_word' id='word_1_226' title='bbox 406 2121 493 2166; x_wconf 81' lang='lat' dir='ltr'>Lyc.</span> <span class='ocrx_word' id='word_1_227' title='bbox 513 2121 619 2158; x_wconf 77' lang='lat' dir='ltr'>Alex.</span> <span class='ocrx_word' id='word_1_228' title='bbox 642 2125 735 2158; x_wconf 76' lang='lat'><strong>14⁶4</strong></span> <span class='ocrx_word' id='word_1_229' title='bbox 755 2133 841 2158; x_wconf 87' lang='lat' dir='ltr'><em>cum</em></span> <span class='ocrx_word' id='word_1_230' title='bbox 861 2122 978 2159; x_wconf 76' lang='lat' dir='ltr'><strong>schol.</strong></span> <span class='ocrx_word' id='word_1_231' title='bbox 998 2122 1048 2158; x_wconf 75' lang='lat' dir='ltr'><em>ad</em></span> <span class='ocrx_word' id='word_1_232' title='bbox 1069 2125 1138 2158; x_wconf 81' lang='lat'><em>353</em></span> <span class='ocrx_word' id='word_1_233' title='bbox 1191 2126 1235 2158; x_wconf 92' lang='grc'><em>12</em></span> <span class='ocrx_word' id='word_1_234' title='bbox 1262 2121 1309 2158; x_wconf 82' lang='lat' dir='ltr'><em>cf.</em></span> <span class='ocrx_word' id='word_1_235' title='bbox 1328 2123 1357 2158; x_wconf 73' lang='lat' dir='ltr'><em>t.</em></span> <span class='ocrx_word' id='word_1_236' title='bbox 1378 2121 1411 2158; x_wconf 81' lang='lat' dir='ltr'><strong>V</strong></span> <span class='ocrx_word' id='word_1_237' title='bbox 1430 2126 1516 2168; x_wconf 79' lang='lat'>253,</span> <span class='ocrx_word' id='word_1_238' title='bbox 1531 2126 1550 2159; x_wconf 90' lang='lat'><strong>1</strong></span> 
     </span>
     <span class='ocr_line' id='line_1_29' title="bbox 231 2168 1418 2214; baseline 0.003 -12"><span class='ocrx_word' id='word_1_239' title='bbox 231 2171 276 2203; x_wconf 80' lang='lat'><em>14</em></span> <span class='ocrx_word' id='word_1_240' title='bbox 301 2168 348 2204; x_wconf 82' lang='lat' dir='ltr'><em>cf.</em></span> <span class='ocrx_word' id='word_1_241' title='bbox 370 2179 428 2214; x_wconf 79' lang='lat' dir='ltr'><em>ep.</em></span> <span class='ocrx_word' id='word_1_242' title='bbox 451 2172 520 2205; x_wconf 78' lang='grc'><em>682</em></span> <span class='ocrx_word' id='word_1_243' title='bbox 572 2173 616 2205; x_wconf 84' lang='grc'><em>16</em></span> <span class='ocrx_word' id='word_1_244' title='bbox 642 2169 748 2206; x_wconf 85' lang='lat' dir='ltr'>Prov.</span> <span class='ocrx_word' id='word_1_245' title='bbox 769 2170 875 2207; x_wconf 86' lang='lat' dir='ltr'><strong>Bodl.</strong></span> <span class='ocrx_word' id='word_1_246' title='bbox 899 2174 943 2206; x_wconf 80' lang='lat'><em>&#39;¹16</em></span> <span class='ocrx_word' id='word_1_247' title='bbox 1001 2174 1045 2207; x_wconf 79' lang='lat'><em>19</em></span> <span class='ocrx_word' id='word_1_248' title='bbox 1073 2169 1192 2206; x_wconf 75' lang='lat' dir='ltr'><strong>Seeck</strong></span> <span class='ocrx_word' id='word_1_249' title='bbox 1218 2174 1262 2205; x_wconf 81' lang='grc'><em>69</em></span> <span class='ocrx_word' id='word_1_250' title='bbox 1277 2170 1319 2205; x_wconf 91' lang='lat'><em>11.</em></span> <span class='ocrx_word' id='word_1_251' title='bbox 1348 2173 1418 2206; x_wconf 78' lang='lat'><em>885</em></span> 
     </span>
    </p>
   </div>
   <div class='ocr_carea' id='block_1_10' title="bbox 179 2234 468 2244">
    <p class='ocr_par' dir='ltr' id='par_1_10' title="bbox 179 2234 468 2244">
     <span class='ocr_line' id='line_1_30' title="bbox 179 2234 468 2244; baseline 0 0"><span class='ocrx_word' id='word_1_252' title='bbox 179 2234 468 2244; x_wconf 95' lang='lat' dir='ltr'><em> </em></span> 
     </span>
    </p>
   </div>
   <div class='ocr_carea' id='block_1_11' title="bbox 179 2277 1548 2538">
    <p class='ocr_par' dir='ltr' id='par_1_11' title="bbox 179 2277 1548 2538">
     <span class='ocr_line' id='line_1_31' title="bbox 251 2277 1547 2347; baseline 0.002 -12"><span class='ocrx_word' id='word_1_253' title='bbox 251 2304 272 2334; x_wconf 82' lang='grc'>3</span> <span class='ocrx_word' id='word_1_254' title='bbox 299 2277 345 2336; x_wconf 60' lang='lat'><em>‹34²›</em></span> <span class='ocrx_word' id='word_1_255' title='bbox 364 2301 441 2336; x_wconf 78' lang='lat' dir='ltr'><em>Ath</em></span> <span class='ocrx_word' id='word_1_256' title='bbox 521 2304 543 2335; x_wconf 80' lang='lat'><em>4</em></span> <span class='ocrx_word' id='word_1_257' title='bbox 569 2301 641 2347; x_wconf 79' lang='grc' dir='ltr'><em>γὰρ</em></span> <span class='ocrx_word' id='word_1_258' title='bbox 661 2302 749 2347; x_wconf 60' lang='lat' dir='ltr'>posin</span> <span class='ocrx_word' id='word_1_259' title='bbox 768 2300 902 2345; x_wconf 76' lang='grc' dir='ltr'><em>εἰκάζω</em></span> <span class='ocrx_word' id='word_1_260' title='bbox 922 2303 978 2339; x_wconf 82' lang='lat' dir='ltr'><em>Va</em></span> <span class='ocrx_word' id='word_1_261' title='bbox 987 2303 1056 2339; x_wconf 74' lang='lat' dir='ltr'><em>Mo</em></span> <span class='ocrx_word' id='word_1_262' title='bbox 1075 2300 1186 2338; x_wconf 78' lang='lat' dir='ltr'><strong>Wolf</strong></span> <span class='ocrx_word' id='word_1_263' title='bbox 1223 2301 1348 2338; x_wconf 77' lang='lat' dir='ltr'>delevi</span> <span class='ocrx_word' id='word_1_264' title='bbox 1371 2312 1433 2338; x_wconf 72' lang='lat' dir='ltr'><em>ras</em></span> <span class='ocrx_word' id='word_1_265' title='bbox 1457 2305 1547 2337; x_wconf 88' lang='grc'><em>1-2</em></span> 
     </span>
     <span class='ocr_line' id='line_1_32' title="bbox 181 2346 1546 2399; baseline 0.003 -17"><span class='ocrx_word' id='word_1_266' title='bbox 181 2346 245 2383; x_wconf 69' lang='lat' dir='ltr'><em>litt</em></span> <span class='ocrx_word' id='word_1_267' title='bbox 265 2347 318 2384; x_wconf 82' lang='lat' dir='ltr'><em>Vo</em></span> <span class='ocrx_word' id='word_1_268' title='bbox 378 2352 422 2384; x_wconf 90' lang='grc'><em>10</em></span> <span class='ocrx_word' id='word_1_269' title='bbox 447 2347 691 2394; x_wconf 77' lang='grc' dir='ltr'><em>κασσάνδραν</em></span> <span class='ocrx_word' id='word_1_270' title='bbox 713 2350 783 2386; x_wconf 82' lang='lat' dir='ltr'><em>Mo</em></span> <span class='ocrx_word' id='word_1_271' title='bbox 839 2354 884 2385; x_wconf 82' lang='lat'><em>16</em></span> <span class='ocrx_word' id='word_1_272' title='bbox 911 2349 987 2387; x_wconf 84' lang='grc' dir='ltr'><em>ἔστι</em></span> <span class='ocrx_word' id='word_1_273' title='bbox 1013 2349 1162 2386; x_wconf 76' lang='lat' dir='ltr'><strong><em>VSAth</em></strong></span> <span class='ocrx_word' id='word_1_274' title='bbox 1218 2354 1263 2386; x_wconf 76' lang='lat'><em>16</em></span> <span class='ocrx_word' id='word_1_275' title='bbox 1288 2348 1428 2395; x_wconf 73' lang='grc' dir='ltr'><em>δεσμόν</em></span> <span class='ocrx_word' id='word_1_276' title='bbox 1443 2350 1511 2386; x_wconf 84' lang='lat' dir='ltr'><em>Mo</em></span> <span class='ocrx_word' id='word_1_277' title='bbox 1538 2350 1546 2399; x_wconf 67' lang='grc' dir='ltr'>Ι</span> 
     </span>
     <span class='ocr_line' id='line_1_33' title="bbox 181 2395 1548 2447; baseline 0.003 -17"><span class='ocrx_word' id='word_1_278' title='bbox 181 2395 196 2430; x_wconf 86' lang='grc' dir='ltr'><strong><em>ί</em></strong></span> <span class='ocrx_word' id='word_1_279' title='bbox 218 2397 408 2438; x_wconf 59' lang='lat' dir='ltr'><em>tutantes·</em></span> <span class='ocrx_word' id='word_1_280' title='bbox 432 2396 540 2433; x_wconf 77' lang='grc' dir='ltr'><em>ἀιδοῐ</em></span> <span class='ocrx_word' id='word_1_281' title='bbox 563 2397 599 2433; x_wconf 84' lang='lat' dir='ltr'><strong><em>V</em></strong></span> <span class='ocrx_word' id='word_1_282' title='bbox 631 2410 646 2432; x_wconf 89' lang='grc' dir='ltr'><em>ι</em></span> <span class='ocrx_word' id='word_1_283' title='bbox 668 2399 863 2440; x_wconf 73' lang='grc' dir='ltr'><em>τατελῑνος</em></span> <span class='ocrx_word' id='word_1_284' title='bbox 886 2397 994 2435; x_wconf 80' lang='grc' dir='ltr'><em>αἰδοῖ</em></span> <span class='ocrx_word' id='word_1_285' title='bbox 1017 2398 1069 2434; x_wconf 87' lang='lat' dir='ltr'><em>Vo</em></span> <span class='ocrx_word' id='word_1_286' title='bbox 1115 2398 1321 2440; x_wconf 73' lang='grc' dir='ltr'><em>ίτατολῑνος</em></span> <span class='ocrx_word' id='word_1_287' title='bbox 1352 2398 1460 2434; x_wconf 78' lang='grc' dir='ltr'><em>αἰδοῖ</em></span> <span class='ocrx_word' id='word_1_288' title='bbox 1484 2397 1514 2434; x_wconf 89' lang='lat' dir='ltr'><strong><em>S</em></strong></span> <span class='ocrx_word' id='word_1_289' title='bbox 1539 2404 1548 2447; x_wconf 56' lang='lat' dir='ltr'><strong>ff</strong></span> 
     </span>
     <span class='ocr_line' id='line_1_34' title="bbox 179 2443 1547 2492; baseline 0.001 -13"><span class='ocrx_word' id='word_1_290' title='bbox 179 2444 353 2488; x_wconf 74' lang='grc' dir='ltr'><em>τελλῆνος</em></span> <span class='ocrx_word' id='word_1_291' title='bbox 376 2444 447 2480; x_wconf 79' lang='lat' dir='ltr'><em>Mo</em></span> <span class='ocrx_word' id='word_1_292' title='bbox 468 2446 474 2489; x_wconf 95' lang='grc' dir='ltr'>Ι</span> <span class='ocrx_word' id='word_1_293' title='bbox 494 2457 551 2486; x_wconf 75' lang='grc' dir='ltr'><em>τις</em></span> <span class='ocrx_word' id='word_1_294' title='bbox 576 2455 638 2480; x_wconf 86' lang='lat' dir='ltr'><em>om</em></span> <span class='ocrx_word' id='word_1_295' title='bbox 663 2445 740 2481; x_wconf 68' lang='lat' dir='ltr'><em>Aa·</em></span> <span class='ocrx_word' id='word_1_296' title='bbox 770 2457 846 2481; x_wconf 84' lang='grc' dir='ltr'><em>τινι</em></span> <span class='ocrx_word' id='word_1_297' title='bbox 867 2446 904 2491; x_wconf 71' lang='lat' dir='ltr'><em>V</em></span> <span class='ocrx_word' id='word_1_298' title='bbox 974 2449 1016 2481; x_wconf 83' lang='lat'><em>17</em></span> <span class='ocrx_word' id='word_1_299' title='bbox 1038 2443 1157 2482; x_wconf 74' lang='grc' dir='ltr'><em>αὐτόν</em></span> <span class='ocrx_word' id='word_1_300' title='bbox 1184 2446 1240 2483; x_wconf 82' lang='lat' dir='ltr'><em>Va</em></span> <span class='ocrx_word' id='word_1_301' title='bbox 1266 2448 1274 2491; x_wconf 79' lang='grc'><strong>1</strong></span> <span class='ocrx_word' id='word_1_302' title='bbox 1295 2445 1351 2492; x_wconf 75' lang='grc' dir='ltr'><em>σε]</em></span> <span class='ocrx_word' id='word_1_303' title='bbox 1382 2446 1547 2490; x_wconf 84' lang='lat' dir='ltr'><strong><em>„mallem</em></strong></span> 
     </span>
     <span class='ocr_line' id='line_1_35' title="bbox 180 2490 1007 2538; baseline 0.005 -12"><span class='ocrx_word' id='word_1_304' title='bbox 180 2490 321 2527; x_wconf 58' lang='grc' dir='ltr'><em>αὐτὸν·</em></span> <span class='ocrx_word' id='word_1_305' title='bbox 347 2490 403 2527; x_wconf 82' lang='lat' dir='ltr'><em>Re</em></span> <span class='ocrx_word' id='word_1_306' title='bbox 424 2491 431 2538; x_wconf 83' lang='grc' dir='ltr'>Ι</span> <span class='ocrx_word' id='word_1_307' title='bbox 453 2491 624 2537; x_wconf 72' lang='lat' dir='ltr'>nequitur</span> <span class='ocrx_word' id='word_1_308' title='bbox 649 2503 707 2538; x_wconf 85' lang='lat' dir='ltr'><em>ep.</em></span> <span class='ocrx_word' id='word_1_309' title='bbox 729 2496 799 2528; x_wconf 76' lang='lat'><em>63⁶</em></span> <span class='ocrx_word' id='word_1_310' title='bbox 825 2493 864 2528; x_wconf 91' lang='lat' dir='ltr'><em>in</em></span> <span class='ocrx_word' id='word_1_311' title='bbox 893 2494 1007 2530; x_wconf 73' lang='lat' dir='ltr'><strong><em>VAth</em></strong></span> 
     </span>
    </p>
   </div>
  </div>
 </body>
</html>
