1806 2964
610 230 885 269 EPISTULAE
910 233 1102 267 aex-³83
1206 222 1208 224 ’
1452 228 1541 273 373

169 346 290 395 αὐτός
315 360 353 387 τε
377 340 423 387 εὖ
449 346 555 387 ποιει
578 344 646 386 καὶ
671 344 766 394 τοὺς
797 342 943 393 ἄλλους
974 343 1202 398 παρακάλει.
1256 344 1294 384 4.
1321 341 1342 383 ὁ
1369 340 1413 384 δὲ
1437 341 1541 397 ἀνὴρ

167 411 333 466 πολίτης
351 426 390 453 τε
409 410 503 465 ε’μὸς
527 410 595 452 καὶ
614 411 833 464 συνεφοίτα
853 425 921 464 μοι
940 408 1031 459 νέος
1056 409 1129 463 ὥν,
1153 407 1234 450 ὑπὸ
1260 407 1303 450 δὲ
1328 414 1400 451 τοῦ
1425 420 1542 464 στρα-

167 478 310 531 τιώτης
333 475 522 532 ἐθελῆσαι
546 475 736 532 γενέσθαι
759 476 804 518 τὸ
828 475 933 518 πολὺ
957 476 1132 529 διαφῆκε
1156 481 1236 516 τῶν
1261 475 1400 530 λόγων.
1444 474 1542 516 ἀλλὰ

169 543 220 585 σύ
249 559 293 599 γε
319 543 442 586 αὐτὸν
467 542 521 593 ως
547 560 599 585 αν
624 543 859 596 φυλάξαντα
884 542 959 596 τὴν
984 541 1126 596 τέχνην
1150 547 1268 595 τιμῆς
1291 556 1332 582 τε
1363 539 1543 591 ἀξιώσεις

169 609 236 651 καὶ
262 610 403 660 δείξεις
427 625 470 665 γε
495 616 576 651 τῶν
601 604 647 651 εὖ
672 609 927 663 πραττόντων
952 606 1034 650 ενα.
1075 610 1114 650 5.
1139 607 1177 649 εἰ
1199 605 1272 661 μὲν
1295 601 1371 648 οὖν
1391 606 1467 649 οὐκ
1491 602 1543 660 ἦν
1581 622 1597 649 ⁵

169 688 234 717 σοι
269 676 460 729 δύναμις,
498 675 682 729 ηὐξάμην
715 673 767 716 ἄν
801 687 867 716 σοι
899 673 1111 730 γενέσθαι,
1141 679 1219 715 νῦν
1246 671 1289 714 δὲ
1313 679 1386 727 τῆς
1417 671 1543 727 οὔσης

168 741 386 784 ἀπολαύειν
410 740 565 783 ἐθέλων
596 742 692 792 ἴσως
723 741 798 783 οὐκ
824 740 961 783 ἀδικῶ.
1011 739 1160 794 μισθὸς
1191 738 1235 781 δέ
1267 751 1331 781 σοι
1363 739 1472 795 παρά
1504 754 1542 780 τε

170 808 270 862 ε’μοῦ
295 807 362 849 καὶ
387 808 504 849 τοῦδε
529 808 573 850 τὸ
599 811 832 862 μεμνῆσθαι
858 813 928 861 τῆς
954 807 1122 862 χάριτος.

808 967 907 1025 my‘.
1471 975 1520 1010 W
1546 978 1617 1011 386

626 1053 876 1112 Μοδὲστῳ.
923 1062 1096 1110 (358]59)
1563 1067 1599 1094 ιο

235 1141 272 1180 1.
292 1136 506 1193 Ἑκάτερον
544 1138 703 1188 εἰκότως
737 1138 921 1180 ἐποίουν·
958 1138 1137 1194 ἔγραφόν
1171 1154 1210 1179 τε
1243 1137 1311 1179 καὶ
1341 1144 1413 1179 τοῦ
1450 1137 1546 1192 γρά-

171 1220 266 1258 φειν
290 1203 534 1259 ἆφιστᾶμην·
572 1203 616 1246 τὸ
642 1202 715 1258 μὲν
739 1204 815 1259 γὰρ
840 1200 894 1259 ἣν
919 1204 1219 1258 ἐπιθυμοῦντος
1242 1204 1453 1259 γράμματα
1478 1206 1546 1244 λα-

171 1272 275 1325 βεῖν,
307 1271 352 1313 τὸ
378 1269 421 1312 δὲ
447 1275 500 1329 τῷ
533 1270 588 1324 μὴ
625 1272 762 1325 λαβεῖν
789 1269 1006 1321 ὀκνοῦντος
1040 1264 1165 1320 αὖθις
1199 1270 1419 1326 ἐπιχειρεῖν.
1467 1276 1547 1311 νῦν

172 1331 249 1379 οὖν
273 1336 410 1390 ἐπειδή
437 1352 505 1390 μοι
530 1337 573 1379 τὸ
599 1338 736 1391 λαβεῖν
761 1335 946 1391 ἢνυσται,
967 1336 1133 1390 τοξότην
1157 1335 1334 1391 ἐναργῶς
1360 1335 1454 1389 ὄψει
1478 1335 1546 1377 καὶ

170 1403 328 1453 πυκνὰς
353 1402 524 1456 ἀφιέντα
554 1402 626 1452 τὰς
651 1403 868 1453 ἐπιστολάς.
915 1406 954 1444 2.
980 1403 1225 1458 βουλόμενος
1251 1401 1294 1444 δὲ
1320 1406 1469 1456 μαθεῖν
1500 1402 1544 1444 ἐν
1566 1415 1600 1443 15

171 1465 233 1519 οἷς
264 1467 321 1511 ὢν
351 1470 532 1525 τυγχάνω
567 1470 697 1523 λύπης
731 1470 864 1519 ἔοικας
896 1469 1130 1523 ἐπιθυμεῖν·
1162 1468 1244 1510 ἀπὸ
1275 1468 1351 1523 γὰρ
1383 1467 1547 1510 ἐκείνων

175 1542 256 1578 τῶν
280 1535 436 1590 χρόνων
460 1536 518 1585 εἰς
542 1536 660 1589 τήνδε
686 1535 760 1589 τὴν
786 1534 938 1591 ἡμέραν
963 1533 990 1589 ἡ
1015 1535 1170 1588 κεφαλή
1197 1551 1264 1588 μοι
1282 1538 1414 1589 τυχεῖν
1439 1534 1546 1589 εἰρή-

174 1617 250 1655 νης
274 1600 323 1643 οὗ
350 1601 576 1655 δεδύνηται.
611 1603 647 1642 3.
675 1607 832 1656 προσῆν
852 1600 894 1643 δὲ
913 1601 1039 1658 τούτῳ
1066 1603 1199 1655 μεῖζον
1218 1601 1357 1647 κακόν.
1382 1601 1425 1643 τὸ
1446 1598 1546 1653 μηδὲ

247 1751 268 1783 9
301 1748 352 1784 VJ
373 1747 419 1794 γ’,
446 1747 514 1794 oy'.
547 1749 603 1785 Va
629 1748 675 1792 δ’,
704 1748 773 1784 οδ.
808 1749 860 1785 Vo
886 1751 932 1792 δ,
959 1747 1028 1784 οδ’.
1050 1748 1080 1784 S
1102 1748 1150 1796 β’,
1175 1747 1243 1794 με’.
1280 1748 1379 1785 Vind
1404 1748 1480 1793 ροε’

248 1890 293 1922 10
319 1886 465 1922 Sievers
491 1890 620 1932 228,3.
648 1886 765 1923 Seeck
792 1890 873 1923 214.
900 1889 982 1923 349.
1010 1886 1179 1923 Silomon
1206 1890 1261 1924 17.
1283 1890 1329 1922 20

250 2023 268 2054 1
296 2016 333 2055 δ’
365 2019 418 2056 Vo
485 2022 505 2054 2
531 2019 585 2067 τε]
612 2018 681 2065 μὲν
706 2020 747 2056 D
771 2019 902 2055 fol.1o
925 2021 931 2066 Ι
951 2020 1041 2062 τοὺς
1059 2021 1101 2056 D
1119 2019 1184 2056 fol.
1208 2023 1267 2062 10,
1291 2033 1359 2056 του
1385 2019 1448 2056 fol.
1472 2023 1515 2055 13
1539 2020 1544 2067 1

177 2066 521 2112 στρατιώταςΒῖοΙ.
532 2071 577 2103 10
610 2067 1117 2114 δέθελῆσαιεοῐίρείεῐῑεοᾶ
1133 2079 1179 2104 ex
1190 2067 1374 2113 ἐθελήσας
1386 2068 1546 2112 con-111⁶,

175 2116 220 2157 ut
239 2114 327 2151 coni
349 2114 406 2150 Re
432 2114 617 2161 ἐθελήσας
644 2115 904 2152 VaVoSViD
927 2115 1055 2163 Wolf!
1075 2116 1174 2153 τὸ-
1188 2114 1310 2163 λόγων
1327 2116 1547 2177 praemissis

175 2163 301 2199 verbis
314 2161 514 2209 διεγένετο.
533 2165 708 2210 διαφῆκε.
727 2162 906 2208 παρέλκει
923 2163 947 2211 ἡ
967 2163 1152 2209 πρόθεσις
1170 2164 1339 2206 ἀττικῶς.
1365 2163 1545 2249 λιβάνιος.

178 2210 275 2247 citat
298 2209 371 2246 lex.
400 2211 482 2247 cod.
514 2210 729 2248 Dumstad.
751 2215 846 2247 2773
865 2211 930 2249 fol.
951 2215 1041 2248 217⁷
1140 2216 1161 2248 4
1187 2226 1228 2258 γε
1248 2223 1311 2248 om
1331 2213 1372 2248 D
1412 2212 1450 2249 ol
1482 2214 1543 2257 131

177 2258 293 2303 ἀξιῶσ
319 2272 338 2301 ς
362 2258 403 2295 Β
426 2258 491 2296 fol.
513 2263 558 2295 13
626 2263 648 2295 ὃ
668 2259 793 2319 δείξῃς
817 2265 892 2296 τῶν
920 2261 1017 2297 ViD
1040 2259 1103 2297 fol.
1126 2263 1171 2296 13
1270 2264 1291 2296 6
1316 2259 1490 2307 ηὐξάμην
1515 2260 1551 2295 V

177 2306 245 2343 sed
319 2307 340 2351 ξ
363 2306 404 2342 in
428 2317 490 2343 ras
509 2307 566 2343 m⁶
603 2306 770 2354 εὐξάμην
796 2307 853 2344 Va
890 2307 1103 2355 συνευξάμη
1106 2322 1129 2344 ν
1155 2308 1248 2345 ViD
1316 2312 1336 2344 7
1362 2321 1402 2345 τε
1429 2308 1546 2346 Vsed

177 2367 194 2390 ε
220 2365 266 2391 ex
291 2368 306 2390 ι
332 2365 414 2390 corr
437 2354 495 2390 m⁵
551 2358 596 2391 10
620 2361 671 2392 τῶ
697 2357 798 2392 αυτὼ
824 2355 863 2403 (i.
883 2366 915 2392 e.
935 2322 1136 2405 Μοδέστηῳ)
1169 2357 1269 2393 Vina
1324 2361 1367 2392 11
1394 2370 1436 2403 γε
1461 2360 1549 2403 post

178 2401 356 2448 ἑκάτερον
381 2402 411 2439 S
484 2406 528 2438 14
551 2404 719 2450 ἐναργῶς
746 2405 780 2438 V
801 2404 868 2440 sed
887 2414 934 2440 ex
938 2394 1109 2462 ἐνεργὸν
1134 2415 1217 2441 corr
1242 2404 1298 2440 m⁴
1332 2405 1496 2452 ἀτεχνῶς
1521 2405 1551 2439 5'

178 2450 245 2486 sed
270 2463 319 2496 γρ
341 2450 536 2497 ἐναργῶς
525 2463 565 2487 ιιι
584 2462 694 2498 marg
759 2455 804 2488 16
829 2451 1002 2499 τυγχάνω
1029 2453 1065 2489 V
1085 2453 1152 2488 sed
1178 2466 1206 2488 ω
1233 2463 1279 2488 ex
1304 2466 1358 2489 ων
1385 2463 1467 2489 corr
1490 2454 1549 2488 m⁵

254 2501 295 2534 18
315 2498 434 2547 τούτῳ
462 2499 495 2535 V
517 2499 580 2536 sed
608 2513 637 2535 ω
670 2510 714 2536 ex
740 2514 793 2536 ων
820 2511 901 2536 corr
926 2500 983 2535 m⁵
1011 2501 1015 2514 '
1043 2500 1093 2546 ιιὴ
1120 2500 1162 2537 δὲ
1190 2501 1290 2537 Vinci
