1806 2964
653 196 926 234 EPISTULA-E
952 201 1096 233 37—39
1230 198 1232 200 ’
1514 197 1571 240 37

190 313 416 366 ἐξεπίτηδες
440 311 697 353 συνέστελλον
723 311 857 363 εἰδώς,
888 310 949 352 ὅτι
974 323 1049 352 σου
1080 317 1161 352 τῶν
1194 309 1424 364 ὀφθαλμῶν
1450 311 1575 351 δεῖται

191 380 238 422 τὰ
263 379 485 435 πράγματα.
520 381 557 419 3.
573 376 774 431 Ῥωμύλον
800 376 845 419 δὲ
870 383 996 431 τιμῶν
1022 375 1095 431 μὲν
1116 375 1233 427 ἄξιον
1254 373 1358 428 οἶδα,
1384 377 1576 432 τιμωρίας

192 445 235 488 δὲ
260 446 462 500 οὐδεμιᾶς.
487 437 519 503 ᾧ
539 444 663 486 πλέον
686 443 768 499 ἤδη
794 451 866 486 τοῦ
892 442 1055 498 ἡμίσεος
1075 443 1315 499 πέπρακται,
1340 444 1442 499 πρὸς
1468 442 1511 484 δὲ
1531 443 1575 485 τὸ

189 511 313 568 πέρας
338 511 359 555 ὀ
385 512 543 568 δρόμος.
576 512 706 553 καίτοι
730 517 847 554 τοῦτο
872 512 1092 567 Νεβρίδιος
1117 510 1182 552 ἀεί
1203 525 1298 552 ποτε
1318 509 1452 552 θέλων
1471 510 1574 564 ἔμει-

191 595 261 622 νεν
286 579 332 621 ἒν
357 583 410 637 τῷ
430 579 666 634 βούλεσθαι,
691 580 838 632 πρᾶξαι
865 577 908 619 δὲ
929 577 1004 619 οὐκ
1022 577 1233 632 ἠδυνήθη.
1261 581 1301 618 4.
1321 578 1395 619 σὸν
1421 576 1464 619 δὲ
1491 577 1574 619 gavi«
1615 594 1630 619 5

192 662 322 702 ταγμα
346 653 443 700 πᾶν,
462 644 517 694 ὡς
541 645 658 699 ἔοικε,
683 645 870 686 δυνατόν.
896 643 981 687 ἐπεὶ
1005 644 1081 700 γὰρ
1110 644 1233 694 αὐτὸς
1258 645 1421 699 κρείττω
1448 649 1576 693 ποιεῖς

191 713 379 766 ἐλπίδων,
404 711 472 753 καὶ
496 716 579 762 τοῖς
604 716 690 761 σοῖς
724 711 942 765 ’ὑπηρέταις
973 713 1032 762 εἰς
1062 711 1111 752 τὰ
1145 711 1196 753 σὰ
1227 710 1446 765 βλέπουσιν
1477 711 1576 766 ἔρως

191 779 374 832 ἐμπίπτει
407 779 538 820 πάντα
572 783 816 832 κατορθοῦν.
849 779 920 821 τὸν
955 777 1003 820 δὲ’
1028 775 1250 832 Ὀλύμπιον
1284 778 1373 819 ἴσθι
1409 791 1474 819 σοι
1508 778 1577 819 τὸν

191 845 316 888 αὐτὸν
340 842 444 887 εἶναι
469 845 536 886 καὶ
561 849 745 886 πλεῖστον
771 844 932 900 ἀπέχειν
959 846 1195 900 μεταβολῆς.

845 1026 911 1068 λθ’
1531 1035 1579 1071 W
1606 1039 1650 1070 37

658 1112 902 1172 Οὐρβανῷ.
937 1111 1108 1169 (358s59)
1600 1142 1632 1166 Π

260 1213 297 1251 1.
324 1211 419 1251 Νῦν
445 1226 483 1251 τε
509 1209 745 1251 ἐπιστέλλων
769 1213 901 1259 καλῶς
934 1214 1063 1259 ποιεῖς
1093 1209 1162 1251 καὶ
1196 1211 1232 1250 εἰ
1262 1209 1457 1265 πρότερον
1489 1209 1577 1252 έπέ-

196 1279 361 1328 στελλες,
385 1276 454 1318 καὶ
478 1277 563 1317 τότε
589 1275 641 1317 ἂν
664 1280 796 1325 καλῶς
821 1276 979 1326 ἐποίεις.
1011 1278 1049 1318 εἰ
1071 1276 1148 1331 γὰρ
1173 1275 1250 1332 ἐγὼ
1283 1275 1356 1329 μέν
1382 1289 1424 1317 σε
1456 1277 1578 1317 πάλαι

196 1347 315 1396 φιλῶ,
340 1343 392 1384 σὺ
417 1342 461 1385 δὲ
484 1350 601 1385 τοῦτο
635 1343 711 1385 οὐκ
741 1342 922 1398 ἠγνόεις,
946 1344 1037 1385 τίνα
1060 1339 1137 1398 εἶχε
1168 1343 1289 1398 λόγον
1324 1341 1462 1385 ὀκνεῖν
1489 1342 1578 1396 μέλ-

195 1411 315 1451 λοντά
338 1425 382 1464 γε
407 1414 633 1465 χαριεῖσθαι
657 1411 786 1468 φίλως
813 1410 878 1452 σοὶ
897 1408 936 1451 δ’
958 1410 995 1451 εἰ
1018 1417 1180 1464 σιγῶντι
1199 1410 1374 1464 μηδεμία
1396 1411 1575 1465 συγγνώ-
1599 1425 1632 1451 15

196 1493 274 1531 μη,
298 1477 458 1527 πάντως
489 1477 623 1530 δήπου
654 1484 763 1518 πᾶσα
793 1476 950 1531 ἀνάγκη
982 1476 1116 1531 λόγου.
1163 1480 1201 1517 2.
1227 1481 1396 1532 θαρρῶν
1429 1492 1470 1518 τε
1502 1471 1577 1518 οὖν

194 1544 324 1598 γράφε
348 1543 416 1585 καὶ
441 1544 683 1598 συνδιάφερε
708 1547 762 1600 τῷ
788 1547 895 1600 καλῷ
917 1542 1120 1601 Μοδέστῳ
1151 1544 1247 1593 τοὺς
1278 1542 1432 1592 πόνους
1458 1543 1502 1584 ἕν
1527 1549 1575 1599 τῇ

195 1616 274 1651 τῶν
300 1611 479 1665 ἱδρώτων
504 1611 697 1667 κοινωνίᾳ
722 1609 797 1663 τὴν
822 1617 903 1651 τῶν
927 1609 1105 1651 ἐπαίνων
1130 1610 1283 1651 ἐννοῶν
1310 1611 1539 1651 κοινωνίαν.

273 1791 318 1823 10
350 1788 418 1827 V11
443 1787 478 1835 β’
481 1817 490 1832 ,
516 1787 582 1836 3.βῖ
612 1789 663 1825 Vo
690 1788 738 1833 α’,
767 1787 866 1836 [κε’].
894 1790 931 1824 Α
958 1788 1039 1836 [ις].
1066 1798 1112 1833 pr

267 1960 287 1991 2
315 1956 460 1993 Sievers
489 1960 558 1994 190
632 1962 654 1993 4
681 1957 800 1994 Seeck
821 1961 904 1995 218.
931 1960 1002 1993 219
1078 1960 1100 1992 8
1120 1956 1243 1993 Seeok
1263 1960 1334 1992 223
1387 1961 1429 1992 11
1458 1956 1577 1992 Seeck

198 2011 230 2041 ὁ.
258 2008 341 2041 315.
368 2008 449 2042 364.
484 2005 654 2042 Silomon
686 2010 732 2042 24
812 2010 856 2042 17
890 2005 938 2042 cf.
971 2006 999 2041 t.
1025 2005 1059 2041 11
1086 2008 1170 2050 507,
1198 2009 1231 2041 6.
1265 2004 1352 2041 Her,
1373 2005 1388 2040 1
1412 2009 1516 2050 18,2.
1545 2004 1579 2039 V

201 2057 256 2089 ⁷9.
284 2056 331 2089 ⁹9
353 2055 360 2100 ι
382 2053 428 2090 cf.
456 2064 514 2100 ep.
536 2057 581 2090 37
601 2066 639 2101 p.
659 2058 717 2099 36,
733 2058 754 2091 6

273 2223 450 2261 2δὲοω
482 2224 535 2262 W
569 2226 575 2269 Ι
615 2222 826 2271 μὲντιμῶν
858 2225 910 2261 W
979 2222 1314 2272 (idqfflwolf
1351 2223 1358 2270 Ι
1397 2223 1577 2271 τῶνΡτΙ

199 2269 359 2318 ἡμίσεως
383 2271 493 2308 Wolf
562 2276 584 2308 6
605 2278 673 2310 σοῦ
705 2273 760 2309 W
821 2276 840 2308 7
867 2270 1047 2320 βλέπουσι
1082 2272 1180 2309 Vina
1256 2274 1277 2307 8
1304 2269 1477 2307 ἐκπίπτει
1501 2283 1548 2317 pr
1572 2279 1577 2319 ι

202 2320 297 2367 (τοῦ
352 2319 506 2358 πάνταῖ
605 2325 626 2357 9
653 2319 747 2357 ὄντα
772 2322 811 2357 et
836 2319 1030 2368 ἀπέχοντα
1058 2319 1165 2357 Wolf
1262 2323 1306 2355 13
1331 2317 1412 2356 τότ’
1450 2320 1486 2356 V

200 2371 246 2403 14
269 2381 291 2405 τ
308 2365 345 2405 ν’
374 2369 410 2404 A
433 2371 438 2415 Ι
460 2368 630 2416 μέλλοντι
656 2370 692 2407 A
775 2373 820 2405 15
846 2383 887 2416 γε
919 2381 982 2406 om
1009 2370 1043 2405 A
1065 2373 1071 2416 Ι
1094 2371 1180 2406 σοιδ
1212 2366 1250 2406 δ’
1275 2368 1307 2404 ἐι
1335 2379 1500 2414 σιγωντι.
1531 2368 1580 2414 ιιὴ

203 2414 317 2463 δεμία
341 2418 378 2453 Δ
454 2421 499 2453 16
524 2430 563 2454 τε
589 2415 675 2466 οὖν]
701 2415 772 2454 οὖν
795 2430 835 2454 τε
861 2418 898 2454 A
