1806 2964
265 232 355 275 402
853 229 1036 266 ΜΒΑΝΠ

266 343 456 396 βασιλέως
481 342 708 395 ἀφικνεῖται
732 342 940 383 κελεύοντα
965 356 1011 394 με
1036 340 1310 395 ἀναστρέφειν,
1344 340 1442 394 πρὸς
1473 339 1500 380 ἃ
1529 339 1625 381 ἀπε-

265 410 427 463 κρίνατο
457 409 501 450 τό
533 424 572 449 τε
602 414 674 460 τῆς
703 411 880 460 κεφαλῆς
909 406 976 448 καὶ
1006 407 1050 447 τὸ
1074 413 1155 447 τῶν
1179 412 1339 460 νεφρῶν
1365 406 1541 459 νόσημα,
1570 405 1626 454 ὡς

266 474 342 515 οὐκ
366 472 417 514 ἂν
437 475 650 526 δυναίμην.
689 479 804 514 τοῦτο
824 471 867 514 δὲ
886 473 990 514 οὕτω
1009 471 1180 524 θέμενος
1199 472 1380 524 δείκνυμι
1398 471 1517 525 λόγον
1535 471 1625 524 περὶ

266 539 451 591 εὖφυίας,
476 539 599 588 τύπος
625 537 668 579 δὲ
693 545 763 592 τῆς
789 537 1008 590 διαλέξεως,
1033 537 1080 578 τὰ
1104 537 1154 578 σὰ
1178 537 1353 577 παιδικά.
1402 536 1470 577 καὶ
1495 536 1625 578 δευτέ-

231 622 248 647 5
267 621 340 658 ρας
370 604 532 657 ἐδέησεν
563 602 732 658 ἡμέρας,
763 598 813 656 ἧς
843 602 1045 644 ἐκοινώνει
1068 602 1308 655 Κλημάτιος.
1361 604 1427 643 14.
1454 601 1528 654 τὴν
1553 600 1625 654 μὲν

266 665 342 711 οὖν
366 666 428 711 ἐπ’
457 670 565 727 αὐτῷ
587 670 747 722 κίνησιν
772 669 848 710 οὐκ
871 668 968 721 ἐμὸν
992 668 1136 709 εἰπεῖν·
1169 667 1296 709 ἐκεῖνο
1323 665 1363 707 δὲ
1389 666 1484 719 ἐμόν
1509 681 1549 708 τε
1573 662 1626 720 ἦν

266 735 392 776 εἰπεῖν
416 735 483 775 καὶ
508 734 662 788 ἕβοᾶτο,
688 734 747 775 ὅτι
772 735 923 775 τούτων
942 733 1074 786 μέντοι
1094 733 1328 780 διδάσκαλος
1344 729 1626 786 Ἀρισταίνετος

266 800 334 841 καὶ
358 801 409 853 δὴ
436 800 502 841 καὶ
527 807 606 841 τῶν
631 799 761 841 ἄλλων
786 800 858 840 ὅσα
883 798 934 840 ἂν
958 799 1123 839 ἔπαινον
1149 797 1316 851 δέχηται.

194 963 242 998 W
269 967 339 999 408
913 952 985 1001 υς’.

214 1055 249 1081 10
712 1040 1030 1091 Θεμιστοκλεῖ.
1082 1049 1186 1091 (355)

331 1128 369 1165 1.
396 1123 528 1164 Πάλιν
550 1121 572 1163 ὁ
598 1124 726 1174 σοφὸς
743 1118 838 1176 παρ’
859 1121 957 1174 ὑμῖν
972 1117 1198 1174 Ὀλύμπιος,
1221 1122 1342 1162 πάλιν
1366 1120 1509 1162 ἐκεῖνοι
1533 1121 1626 1161 σύλ-

268 1192 378 1243 λογοι
407 1188 476 1230 καὶ
506 1189 684 1241 διάλογοι
713 1187 780 1229 καὶ
805 1187 1005 1240 συμπόσια
1031 1193 1267 1242 συγγραφῆς
1292 1186 1403 1238 ἄξια,
1435 1186 1634 1238 σοφιστὴς-

268 1254 369 1309 ὑπὲρ
404 1255 616 1308 ῥητορικῆς
641 1270 677 1293 τι
711 1252 848 1307 λέγων,
881 1253 1175 1308 γραμματιστὴς
1206 1251 1306 1307 ὑπὲρ
1330 1258 1410 1292 τῶν
1435 1257 1626 1304 ποιητῶν,

269 1320 320 1361 σὺ
343 1319 412 1361 καὶ
440 1320 644 1371 Θεμίστιος
669 1318 711 1360 ἐκ
737 1319 998 1371 φιλοσοφίας,
1020 1314 1231 1371 Ὀλύμπιος
1255 1317 1344 1372 περὶ
1368 1317 1528 1358 πάντων
1551 1332 1625 1357 πο-

214 1400 249 1427 15
267 1386 338 1434 λύς
363 1401 402 1426 τε
426 1385 528 1439 ῥέων
552 1384 619 1425 καὶ
643 1383 823 1438 καθαρὸς
848 1383 915 1424 καὶ
938 1388 994 1441 τῷ
1016 1384 1147 1434 κάλλει
1170 1390 1250 1424 τῶν
1276 1381 1481 1435 ὀνομάτων
1504 1381 1626 1434 ἀφέλ-

268 1467 351 1491 κων
376 1451 470 1499 τοὺς
505 1449 747 1503 δαιτυμόνας
779 1456 850 1502 τῆς
882 1450 1030 1502 θοίνης
1063 1449 1130 1490 καὶ
1163 1455 1290 1490 ποιῶν
1314 1446 1415 1501 ἡδίω
1440 1455 1510 1501 τῆς
1534 1463 1626 1501 τρα-

268 1515 387 1569 πέζης
412 1516 486 1568 τὴν
519 1515 722 1570 ἀκρόασιν.
775 1518 811 1555 2.
838 1514 935 1567 ἐμοῦ
970 1513 1014 1555 δὲ
1048 1515 1141 1563 ἴσως
1175 1514 1425 1567 μεμνήσεσθε
1448 1514 1515 1554 καὶ
1539 1508 1624 1567 τάχ’

270 1583 364 1631 ἴσως
389 1579 452 1623 ἐπ’
474 1581 691 1634 ἀμείνοσιν.
729 1580 882 1621 ἀπόντα
906 1579 980 1634 γὰρ
1005 1578 1261 1620 ἐπαινέσεσθε
1279 1577 1346 1619 καὶ
1364 1578 1458 1627 τοὺς
1476 1573 1626 1631 παρόν·

268 1663 338 1696 τας
362 1647 438 1688 οὐκ
461 1646 650 1687 ἀνιάσετε.

341 1754 362 1786 9
398 1751 446 1786 VI
467 1749 513 1796 γ’,
539 1749 612 1797 «ἧς’.
645 1751 702 1786 Va
726 1748 770 1793 ε’,
793 1748 863 1795 κγ’.
896 1749 949 1785 Vo
975 1748 1018 1793 τ’,
1043 1747 1101 1794 κγ’

340 1851 363 1882 4
388 1845 535 1891 Eunap.
553 1845 618 1881 vit.
640 1856 680 1881 so
709 1844 745 1880 h.
794 1872 802 1880 .
824 1847 893 1880 100
917 1844 1036 1880 Βοίει.
1093 1846 1115 1877 ὁ
1142 1843 1259 1879 Seeck
1286 1846 1353 1878 110
1411 1846 1455 1878 10
1481 1841 1627 1878 Sievers

269 1897 319 1975 ὃνῗ
340 1895 418 1977 lagg.
439 1897 495 1976 ἓξ.
523 1896 651 1936 288,3.
706 1903 770 1928 eec
823 1894 902 1927 307.
930 1894 1001 1927 320
1097 1895 1137 1926 11
1167 1890 1285 1927 Seeck
1311 1894 1379 1925 222
1455 1893 1499 1925 17
1526 1890 1570 1925 cf.
1598 1891 1623 1927 t.

416 1968 426 1985 ‚
464 1964 472 1973 .

343 2042 361 2072 1
388 2042 457 2072 τοῦ
483 2038 571 2072 anto
597 2035 775 2082 βασιλέως
793 2035 894 2071 inser
912 2035 942 2072 S
959 2036 966 2082 Ι
986 2034 1167 2082 βασιλέως
1186 2034 1222 2069 V
1241 2034 1308 2070 sed
1328 2032 1419 2075 λέως
1432 2044 1515 2069 corr
1533 2033 1589 2068 m⁴
1617 2036 1624 2077 l:

268 2097 491 2152 επεκριθέω
517 2107 547 2144 s
616 2111 637 2142 2
663 2105 746 2148 τότε
772 2107 867 2143 VVa
875 2106 1035 2143 Von'nd
1059 2105 1176 2141 Lamb
1201 2104 1297 2140 Rich
1321 2103 1430 2141 w01f
1457 2104 1463 2151 ι
1495 2101 1538 2140 τὸ
1563 2114 1624 2138 om

277 2156 332 2191 Va
342 2156 387 2191 Vi
404 2154 514 2191 Wolf
529 2155 584 2190 Re
652 2158 673 2190 3
698 2154 861 2200 θέμενος
885 2155 921 2191 V
940 2154 1007 2189 ned
1027 2153 1037 2165 '
1055 2153 1114 2188 m⁴
1138 2154 1176 2188 et
1192 2155 1280 2198 post
1304 2153 1380 2198 ε(1)
1404 2162 1465 2187 m
1492 2155 1511 2186 1
1537 2150 1603 2186 litt

269 2207 292 2238 4
317 2202 447 2247 λέξεως
473 2203 508 2239 V
548 2203 554 2246 Ι
600 2202 648 2238 σὰ
674 2213 734 2238 om
761 2203 808 2238 Vi
909 2204 931 2237 6
957 2199 1047 2247 ἐμόν
1069 2213 1110 2237 τε
1137 2197 1182 2246 ἦν
1209 2200 1387 2246 scripsi.o
1412 2198 1603 2236 VVaSVi

270 2248 361 2295 ἐμὸν
385 2247 435 2297 ἦν
460 2251 514 2287 Vo
544 2249 654 2286 Wolf
674 2250 730 2286 Re
771 2245 820 2296 ἦν
845 2247 935 2295 ἐμὸν
958 2249 1103 2286 Vinum
1133 2247 1251 2285 Lamb
1276 2246 1371 2283 Rich
1458 2250 1502 2282 18
1533 2244 1570 2282 τί
1595 2246 1627 2282 V

277 2299 330 2335 Vo
374 2300 380 2342 Ι
426 2303 683 2345 γραμματικῆς
707 2298 763 2334 Va
797 2297 863 2333 sed
893 2303 962 2344 κῆς
986 2307 1068 2332 corr
1092 2296 1150 2331 111⁵
1187 2297 1194 2342 Ι
1239 2293 1334 2340 ὑπὲρ
1360 2300 1434 2330 τῶν
1459 2299 1626 2340 ποιητῶν

270 2345 332 2382 del
358 2347 414 2383 Va
485 2350 528 2381 14
537 2357 592 2391 sq.
616 2342 722 2382 πόλλ’
745 2344 928 2389 ὑστερέων
954 2345 1007 2381 Vo
