1806 2964
268 216 356 259 684
851 211 1035 247 LIBANH

269 342 390 379 νεται,
411 327 553 366 Μίδου
572 330 754 374 πλοῦτος,
771 324 912 372 κάλλος
932 322 1101 376 Νιρέως,
1119 323 1327 377 Κρίσωνος
1344 323 1474 376 τάχος,
1493 325 1630 364 Πολυ-

270 394 469 444 δάμαντος
500 391 627 443 ῥώμη,
658 391 828 444 μάχαιρα
861 388 1038 440 Πηλέως.
1078 391 1117 428 2.
1144 389 1249 429 δοκῶ
1281 385 1319 428 δ’
1353 386 1405 428 ἄν
1437 403 1506 440 μοι
1529 386 1627 442 μηδ’

269 458 320 498 ἂν
345 464 416 498 τοῦ
448 456 635 510 νέκταρος
667 453 865 509 μετασχὼν
896 453 1076 507 ἡσθῆναι
1108 456 1257 504 μᾶλλον
1286 451 1313 505 ἢ
1345 459 1435 506 νῦν,
1467 453 1528 494 ὅτε
1559 469 1630 508 μοι

269 523 468 576 βασιλεύς,
501 521 549 563 ὃν
582 522 704 562 πάλαι
731 521 899 561 Πλάτων
933 522 1060 572 ζητῶν
1094 517 1171 570 ὀψέ
1203 515 1306 559 ποθ’
1343 514 1447 573 εὗρε,
1480 519 1553 571 τήν
1587 535 1629 561 τε

234 606 250 631 5
269 589 433 641 γνώμην
467 585 630 645 ἐπῄνεσε
663 587 733 628 τόν
766 601 806 626 τε
839 585 957 640 λόγον
990 584 1193 636 ἐθαύμασε
1226 583 1294 625 καὶ
1326 591 1449 638 τιμῶν
1482 591 1530 640 τῇ
1555 592 1629 626 τοῦ

271 655 414 694 δώσειν
439 652 645 706 ὑποσχέσει
664 656 717 708 τῷ
738 647 820 705 μετ’
841 650 939 704 ἐμοῦ
970 654 1132 691 σκοπεῖν
1156 649 1320 702 ἐθέλειν,
1347 648 1369 690 ὃ
1395 651 1538 691 δοῦναι
1557 651 1632 703 δεῖ,

270 724 362 775 τιμᾷ
394 720 594 773 μειζόνως.
630 721 668 758 3.
695 718 768 759 οὐκ
792 715 869 771 ἄρα
895 715 916 757 ὁ
941 716 1014 768 τὴν
1039 711 1131 769 αἶγα
1161 714 1234 767 τὴν
1265 715 1458 769 οὐρανίαν
1481 715 1629 757 ἐπιτέλ-

270 789 420 826 λουσαν
450 791 689 839 παρατηρῶν
719 782 866 831 παντὸς
898 781 949 822 ἂν
979 782 1102 834 τύχοι,
1133 781 1235 821 ὅπου
1258 795 1301 834 γε
1326 780 1413 834 ἐμοὶ
1437 787 1552 822 τοῦτο
1577 781 1631 822 οὐ

270 851 541 891 σπουδάσαντι
565 850 612 890 τὰ
631 849 790 903 μέγιστα
807 849 993 902 γίγνεται,
1016 846 1093 887 κᾶν
1113 847 1248 898 δεηθῶ
1267 861 1337 887 του
1361 850 1498 896 καλοῦ,
1515 848 1631 900 βασι-

221 935 254 960 ιο
274 917 362 965 λεὺς
390 915 543 968 ἕτοιμος
568 916 624 964 εἰς
649 916 722 968 τὴν
748 914 861 968 χάριν
886 912 986 954 θεὸν
1011 912 1084 965 τὴν
1109 911 1152 951 ἰν
1183 911 1341 969 οὐρανῷ
1370 912 1633 964 μιμούμενος;

274 985 311 1022 4.
338 980 363 1034 ἡ
397 981 468 1034 μὲν
503 976 578 1022 οὖν
603 980 784 1032 ἐπιστολή
817 992 890 1020 σου
915 978 1184 1033 προσκείσεται
1208 981 1261 1034 τῷ
1285 977 1386 1034 λόγῳ
1419 978 1630 1030 μηνύουσα

272 1047 408 1088 παισὶν
427 1045 632 1099 Ἑλλήνων
657 1045 711 1095 ὡς
736 1045 786 1086 οὐ
806 1045 934 1097 μάτην
959 1043 1190 1096 ἐξεπέμφθη
1216 1043 1258 1084 τὸ
1278 1042 1404 1096 βέλος,
1429 1041 1496 1083 καὶ
1515 1045 1628 1095 φιλο-

272 1113 471 1165 τιμήσεται
496 1116 577 1160 τοῖς
604 1111 674 1164 μὲν
699 1106 770 1151 ὑπ’
799 1109 896 1163 ἐμοῦ
919 1107 1202 1163 γεγραμμένοις
1223 1106 1524 1162 Ἀριστοφάνης,
1547 1111 1648 1158 τοῖς

273 1179 350 1219 ὑπὸ
377 1185 449 1219 σοῦ
476 1177 518 1218 δὲ
544 1176 841 1230 ἐπεσταλμένοις
865 1175 955 1229 ἐγώ,
980 1177 1128 1228 μᾶλλον
1153 1173 1209 1227 δέ,
1234 1172 1449 1228 ἀμφότεροι
1485 1176 1568 1222 τοῖς
1593 1188 1635 1214 τε

220 1260 255 1287 ιε
274 1242 570 1296 ἐπεσταλμένοις
594 1247 676 1291 τοῖς
701 1258 739 1283 τε
765 1239 1056 1293 δοθησομένοις
1098 1239 1322 1294 σεμνότεροι
1351 1239 1426 1293 γὰρ
1457 1237 1631 1291 ἀμφοτέ-

273 1326 358 1361 ροις
383 1309 610 1363 ἀμφότεροι.
650 1311 688 1349 5.
708 1309 774 1349 δεῖ
786 1307 829 1348 δέ
848 1319 889 1347 σε
908 1306 976 1347 τὸν
995 1306 1127 1358 φόβον
1142 1301 1451 1357 Ἀριστοφάνους
1470 1307 1634 1357 μαθεῖν,

277 1377 383 1425 ὅπως
408 1374 460 1415 ἂν
484 1374 550 1415 καὶ
575 1374 768 1429 γελάσαις.
805 1379 885 1413 τῶν
909 1388 967 1420 τις
993 1370 1154 1412 εἰσιέναι
1185 1370 1292 1424 παρὰ
1322 1369 1364 1411 σὲ
1389 1371 1519 1422 δείλης
1544 1369 1629 1410 εἰω-

275 1441 410 1482 θότων
434 1441 544 1493 ἥκων
569 1439 633 1481 ἐπὶ
652 1440 798 1493 θύρας,
823 1434 905 1479 εἶτα
923 1436 1120 1485 κωλυθεὶς
1145 1434 1199 1484 ὣς
1223 1442 1297 1476 σοῦ
1315 1451 1402 1476 τινα
1420 1442 1635 1483 ποιοῦντος

276 1507 393 1561 λόγον
418 1506 596 1560 ἤγγειλεν
627 1504 740 1558 ἡμῖν,
769 1504 836 1545 καὶ
862 1504 990 1557 φόβος
1021 1502 1146 1549 εὐθὺς
1180 1501 1232 1554 μὴ
1258 1504 1445 1542 παλαῖσαι
1469 1500 1634 1554 προελό-

222 1587 258 1612 no
278 1588 395 1625 μενος
419 1573 518 1624 πρὸς
543 1571 612 1613 τὸν
630 1571 749 1624 λόγον
768 1570 990 1626 καταβάλῃς
1009 1567 1081 1620 μὲν
1100 1568 1168 1609 τὸν
1188 1567 1437 1617 διδάσκαλον,
1459 1563 1633 1620 Ἀριστο-

350 1656 367 1687 ι
395 1651 492 1687 Plat.
518 1651 618 1686 Prot.
638 1662 674 1695 p.
695 1653 763 1686 385
784 1649 825 1685 E.
853 1649 940 1694 Leg.
968 1646 1050 1682 v111
1083 1659 1119 1693 p.
1141 1646 1281 1692 840A1
1304 1645 1348 1681 cf.
1376 1646 1402 1680 t.
1430 1644 1481 1680 VI
1507 1647 1635 1688 180,1.

277 1700 374 1736 Plat.
400 1710 478 1745 rep.
498 1698 515 1735 1
539 1711 574 1745 p.
597 1697 695 1734 3380
761 1700 783 1732 2
810 1696 1007 1731 Salzmann
1035 1698 1077 1731 16
1128 1698 1149 1728 4
1175 1693 1271 1729 Plat.
1297 1704 1373 1738 rep.
1393 1692 1427 1728 V
1452 1704 1488 1738 p.
1508 1695 1578 1727 478
1593 1691 1631 1728 C.

277 1747 492 1793 Richtsteig
519 1751 562 1782 13
633 1750 651 1781 7
673 1745 776 1781 Suid.
797 1756 825 1780 s.
846 1756 877 1779 v.
899 1742 960 1786 αἲξ
986 1740 1149 1786 οὐρανία
1168 1745 1206 1777 et
1225 1739 1395 1784 οὐρανία.
1422 1739 1582 1785 Hesyeh.
1603 1750 1633 1775 s.

278 1808 308 1831 v.
330 1794 490 1839 οὐρανία
517 1793 577 1837 al}
647 1797 690 1829 12
717 1792 760 1828 cf.
782 1803 841 1838 ep.
862 1795 930 1827 572
956 1803 989 1836 p.
1013 1793 1094 1835 538,
1110 1794 1154 1825 14
1205 1792 1250 1824 20
1276 1788 1342 1824 Iul.
1363 1799 1420 1833 ep.
1442 1791 1486 1822 59
1512 1785 1632 1822 Hertl.

287 1845 331 1879 cs.
359 1843 506 1885 Asmus,
531 1841 668 1877 Archiv
693 1840 718 1876 f.
740 1839 874 1876 Gesch.
901 1838 966 1874 dor
990 1837 1128 1873 Philon.
1150 1837 1219 1872 XV
1238 1839 1319 1872 434.
1358 1834 1490 1871 Philol.
1518 1833 1635 1870 LXXI

278 1894 358 1946 ἕως
379 1893 405 1926 t.
421 1890 453 1925 11
464 1893 604 1946 Qu)
615 1901 668 1934 sq.

352 1968 369 1998 1
396 1960 707 2004 πουλυδάμαντος
730 1960 782 1995 Vo
860 1962 881 1993 2
908 1956 943 1993 δ’
968 1957 1028 2004 ἄν]
1055 1956 1127 2003 γὰρ
1161 1957 1230 1992 Vat
1249 1955 1354 1991 Barb
1379 1955 1496 1990 Ambr
1518 1952 1636 1988 Bidez

279 2010 439 2046 Cumont
459 2012 466 2054 Ι
487 2009 536 2054 μὴ
556 2006 590 2044 δ’
622 2009 673 2044 Vo
728 2013 750 2042 4
775 2006 924 2042 πλάτων
937 2006 1053 2040 πάλαι
1067 2005 1107 2040 D
1162 2007 1183 2039 6
1203 2004 1263 2038 δεῖ
1279 2013 1339 2038 om
1353 2001 1450 2037 Fabr
1498 2004 1520 2037 8
1539 2001 1634 2036 πάν-

278 2072 349 2098 τως
377 2059 408 2094 V
431 2056 529 2092 Fabr
554 2055 684 2099 Wolf}
713 2053 750 2100 γ’
773 2055 854 2099 ἐμοὶ
882 2053 978 2088 Fabr
1005 2051 1110 2088 Wolf
1143 2049 1186 2097 γέ
1210 2063 1272 2096 μοι
1297 2049 1412 2085 Bidez
1438 2049 1599 2085 Cumont

278 2103 378 2142 τοῦτ’
398 2105 497 2139 Fabr
511 2102 618 2140 Wolf
671 2106 692 2138 9
706 2100 850 2148 γίνεται
863 2100 961 2136 Fabr
973 2099 1080 2135 Wolf
1113 2099 1296 2145 γίγνεταις
1317 2097 1431 2132 Bidez
1450 2096 1611 2132 Gumont

279 2160 346 2190 τοῦ
374 2152 565 2188 VaVoMo
590 2149 698 2186 Wolf
717 2149 833 2185 Bidoz
859 2148 1020 2185 Cumont
1040 2151 1046 2192 Ι
1068 2146 1088 2183 ὁ
1114 2148 1201 2182 ante
1227 2145 1400 2192 βασιλεὺς
1417 2143 1515 2179 Fabr
1532 2142 1643 2179 Wolf

330 2204 374 2236 10
400 2197 436 2235 εἷ
453 2202 540 2245 post
560 2197 705 2243 ἕτοιμος
730 2197 830 2232 inser
850 2196 964 2232 Bidez
991 2195 1152 2231 Cumont
1172 2195 1178 2239 Ι
1200 2193 1322 2237 Χάριν
1343 2191 1450 2227 Wolf
1465 2192 1507 2226 at
1530 2190 1577 2226 cf.
1597 2202 1633 2236 p.

281 2252 452 2293 683,1sq.
477 2250 482 2292 Ι
503 2245 569 2282 τὸν
583 2246 680 2282 Fabr
693 2244 800 2280 Wolf
818 2246 823 2289 Ι
845 2245 995 2290 signum
1014 2239 1318 2288 interrogationis
1331 2239 1440 2285 posui
1452 2239 1634 2285 punctum

279 2296 368 2332 libri
382 2295 455 2330 edd
506 2300 547 2329 11
569 2292 805 2338 προκείσεται
826 2292 941 2328 MoD
961 2290 1058 2326 Fabr
1078 2289 1184 2325 Wolf
1249 2291 1293 2322 12
1316 2286 1437 2332 μάτην
1457 2286 1589 2331 scripsi
1614 2296 1636 2321 o

288 2343 425 2380 VVoD
461 2341 621 2387 μάταιον
637 2342 691 2377 Va
702 2341 771 2376 Mo
788 2340 857 2376 Vat
866 2339 970 2375 Barb
983 2338 1103 2374 Ambr
1116 2337 1188 2373 edd
1258 2338 1302 2371 14
1321 2332 1361 2370 δ’
1383 2333 1456 2370 ὑπὸ
1477 2339 1544 2369 σοῦ
1567 2334 1638 2369 Mo

281 2391 378 2427 Fabr
390 2389 499 2425 Wolf
516 2392 522 2435 1
543 2389 586 2425 δέ
599 2399 659 2424 om
673 2389 713 2424 D
763 2391 806 2422 15
821 2385 1060 2432 δεησομένοις
1072 2386 1112 2422 D
1163 2387 1206 2420 18
1217 2383 1357 2428 θύραις
1369 2381 1469 2417 Fabr
1507 2384 1550 2416 19
1563 2394 1636 2416 πα-

280 2452 388 2498 λαῖῖἕέ
410 2462 444 2497 V
466 2460 531 2496 sed
557 2474 596 2495 αι
611 2469 784 2505 suprascr
796 2459 851 2493 m⁴
877 2456 1106 2493 παλαίσαιΒ
1156 2458 1202 2491 20
1215 2452 1446 2502 καταβάλλῃς
1464 2452 1513 2488 Vo
1522 2452 1639 2488 MoD
