1806 2964
629 207 899 244 EPISTULAE
928 211 1118 244 108-110
1223 195 1226 198 ’
1478 206 1563 250 109

837 349 900 406 ρι’·
1490 358 1538 393 w
1567 362 1638 394 110

642 440 699 478 M
702 435 889 494 οδέστῳ.
923 444 1092 491 (359,!60)

242 527 279 565 1.
311 523 414 566 Οὔτε
440 522 495 576 μὴ
524 523 574 563 σὺ
600 525 818 579 παραχθῇς
849 522 1106 575 φοβούμενος
1138 520 1227 563 οὔτε
1261 522 1316 576 μὴ
1348 528 1460 577 φανῇ
1475 537 1563 570 „210-

179 592 304 647 νηρὸς
325 591 568 641 Εὐπείθιος,
592 589 723 630 ἔδωκα
748 588 822 641 τὴν
848 588 1060 642 ἐπιστολὴν
1085 587 1140 638 ὡς
1160 588 1211 629 ἄν
1230 605 1290 638 τις
1308 588 1334 643 ἢ
1354 595 1565 643 παραινῶν

179 671 243 700 σοι
274 656 482 713 προσέχειν
514 656 585 698 τὸν
617 662 719 696 νοῦν
751 654 778 708 ἢ
811 655 999 708 δεόμενος
1030 655 1177 697 ἁλόντα
1207 655 1385 708 ἀφεῖναι.
1423 651 1512 696 ἀλλ’
1542 654 1563 697 ὃ
1602 669 1619 694 5

178 724 370 767 πέπονθα
394 723 496 779 πρὸς
523 722 570 763 τὰ
597 729 760 763 τοιαῦτα
780 721 934 776 φράσω.
970 725 1006 762 2.
1028 721 1189 763 ἐπειδὰν
1209 723 1417 775 αἴσθωμαι
1443 735 1564 763 συκο-

178 794 340 845 φάντην
360 789 587 845 ἄνθρωπον
607 787 775 829 ἐπιεικεῖ
794 789 1072 842 προσπεσόντα
1097 789 1283 844 καθάπερ
1308 789 1564 843 χειμάρρουν,

177 859 285 914 ἀλγῶ
312 858 387 911 τὴν
420 856 561 910 ψυχὴν
596 856 667 897 καί
696 870 779 895 που
813 855 975 907 δακρύω
1006 855 1073 896 καὶ
1104 857 1372 909 συμπράττειν
1403 856 1427 896 ὅ
1451 871 1487 896 τι
1513 854 1565 895 ἂν

181 927 366 978 δύνωμαι
397 927 702 977 προθυμοῦμαι.
751 921 930 973 δύναμαι
961 919 1003 962 δὲ
1036 921 1292 975 ἐπιστέλλειν,
1324 915 1357 979 ᾦ
1387 921 1455 963 καὶ
1487 929 1564 963 νῦν

179 999 343 1047 χρῶμαι.
373 994 411 1032 3.
438 989 506 1031 καὶ
532 989 631 1044 λέγω
658 987 757 1041 πρὸς
784 986 955 1041 ἄρχοντα
979 987 1160 1042 ἀγαθόν,
1193 990 1251 1030 ὅτι
1279 989 1564 1044 Μητρόδωρον
1585 1002 1620 1028 ιο

179 1061 327 1115 εἴρωνα
363 1058 515 1111 κρίνων
547 1057 641 1104 ἴσως
668 1055 833 1102 δικαίως
863 1054 1133 1109 προσέρριψεν
1157 1056 1385 1105 Εὐπείθιος
1419 1056 1468 1097 οὐ
1504 1056 1563 1097 δι-

179 1128 303 1176 καίως
330 1125 439 1181 αὐτῷ
465 1126 588 1181 θυμῷ
611 1120 712 1174 πρὸς
738 1121 812 1173 τὴν
838 1120 970 1161 αἰτίαν
995 1120 1184 1175 ἐνεχθείς,
1210 1121 1284 1164 οὐκ
1309 1121 1477 1177 ἐλέγχων
1503 1123 1563 1164 ἐλ-

179 1195 279 1236 πίδι.
312 1195 351 1233 4.
378 1190 593 1245 τεκμήριον
617 1188 677 1230 δέ·
704 1194 784 1228 τῶν
803 1187 892 1241 γάρ,
912 1183 1034 1240 οἶμαι,
1059 1188 1159 1243 πρὸς
1179 1188 1333 1230 ἐκεῖνον
1351 1188 1564 1243 ἐξητασμέ-

180 1276 267 1303 νων
291 1258 372 1313 ἤδη
398 1257 466 1299 καὶ
491 1263 563 1310 τῆς
588 1255 689 1310 πρὸς
715 1259 857 1295 τοῦτον
876 1253 1161 1308 ἐπιγενομένης
1180 1254 1303 1310 ὀργῆς
1322 1255 1564 1310 ἀνεμνήσθη

180 1324 274 1368 ποτὲ
299 1324 368 1366 καὶ
393 1321 621 1378 προσέθηκε
644 1327 808 1374 πρᾶγμα
828 1320 931 1361 οὕτω
957 1322 1060 1362 πολὺ
1085 1321 1153 1362 καὶ
1179 1329 1338 1377 πρῶτον
1356 1321 1422 1375 ἄν,
1447 1323 1484 1363 εἰ
1507 1322 1563 1376 μὴ
1585 1335 1619 1361 15

179 1393 342 1446 πλάσμα
373 1386 439 1444 ἦν,
464 1388 507 1430 έν
533 1387 750 1443 ἐγκλήμασι
781 1386 922 1438 φανέν.
957 1391 994 1429 5.
1021 1387 1120 1429 ἀλλὰ
1146 1389 1297 1430 τούτων
1324 1388 1396 1442 μὲν
1422 1388 1443 1430 ὅ
1470 1390 1563 1430 διώ-

182 1475 267 1501 κων
293 1458 411 1500 δώσει
437 1458 576 1509 δίκην,
603 1453 624 1496 ὅ
651 1452 693 1495 δὲ
721 1454 884 1507 φεύγων
915 1453 1019 1495 ἔσται
1048 1462 1147 1506 σῶς,
1173 1452 1266 1496 οἶδα
1297 1456 1390 1511 γάρ,
1423 1461 1494 1496 τοῦ
1521 1454 1563 1496 δὲ

181 1525 350 1581 ἄγοντος
375 1522 631 1577 ἀμφοτέρους
656 1519 720 1561 ἀεί
749 1535 841 1560 ποτε
874 1520 944 1561 τὸν
975 1523 1124 1577 τρόπον
1157 1522 1367 1571 ἐπαινέσας
1391 1517 1482 1564 οὐδ’
1512 1521 1564 1562 ἂν

181 1594 323 1646 εἰπεῖν,
350 1591 458 1640 ὅπως
489 1596 568 1632 νῦν
599 1587 810 1643 ἠγάσθην,
836 1586 973 1640 ἔχοιμι.
1013 1591 1051 1630 6.
1088 1589 1218 1643 ὥσπερ
1249 1589 1324 1644 γὰρ
1357 1589 1406 1630 οὐ
1437 1604 1561 1643 παρα-

181 1660 326 1701 δώσων
351 1658 446 1707 τοὺς
471 1654 710 1712 ἀγομένους,
735 1648 821 1694 ἀλλ’
850 1653 972 1704 αὐτὸς
996 1654 1159 1708 ὑφέξων
1179 1655 1299 1711 λόγον
1323 1654 1562 1709 προσελθὼν
1583 1668 1619 1694 20

182 1726 305 1769 ἐδεῖτό
339 1741 418 1779 μου
448 1722 709 1778 προσγράψαι
739 1736 776 1760 τι
808 1720 898 1776 περὶ
932 1722 1058 1763 αὑτοῦ
1091 1722 1266 1776 βέλτιον,
1294 1722 1440 1773 ὅπως,
1467 1721 1561 1777 ἔφη,

258 1848 276 1878 1
313 1843 382 1883 VJ!
404 1842 453 1886 α’,
481 1842 558 1890 qoe'.
596 1843 651 1879 Va
675 1841 723 1890 β’,
743 1844 794 1879 ιδ.
828 1843 880 1878 Vo
905 1841 953 1889 β’,
980 1843 1019 1877 ιδ

256 1955 277 1987 2
305 1951 423 1988 Seeck
451 1956 533 1987 214.
561 1955 631 1987 363
658 1951 724 1997 qui
749 1962 947 1998 perperam
982 1949 1247 1996 epistolarium
1273 1948 1496 1995 Eupithium
1523 1950 1563 1984 et

182 2002 375 2036 mostuum
400 2010 482 2036 esse
510 1999 716 2036 Eusebium
743 1999 851 2035 dixit.
879 1999 1047 2035 Silomon
1075 2001 1120 2033 34
1189 2002 1233 2034 18
1260 1996 1415 2032 Eusebii

258 2126 279 2157 3
311 2123 518 2168 παραχθῇς
555 2120 690 2167 scripsi
726 2121 880 2156 auctore
913 2119 969 2156 Re
1025 2121 1224 2166 ταραχθῇς
1248 2117 1338 2153 libri
1364 2116 1475 2152 Wolf

184 2174 207 2205 4
227 2167 405 2210 εὐπίθιος
428 2170 481 2205 Va
491 2170 544 2205 Vo
563 2169 630 2205 sed
655 2168 695 2204 in
720 2169 793 2204 hoc
819 2181 835 2204 ε
855 2170 940 2203 ante
961 2171 996 2207 ι(
1003 2170 1034 2212 1)
1054 2167 1155 2203 inser
1173 2166 1231 2202 111¹
1252 2168 1258 2212 Ι
1280 2164 1375 2202 οὔθ’
1403 2167 1493 2201 ante
1513 2165 1565 2206 ὡς

184 2217 426 2254 inserendum
453 2217 538 2253 coni
565 2217 620 2254 Re
707 2221 725 2252 7
754 2228 844 2252 num
878 2216 1122 2252 scribendum
1148 2215 1370 2261 ἀνθρώπῳὶ)
1434 2218 1454 2249 9
1483 2213 1562 2249 ἐπι-

184 2265 343 2302 στέλλων
369 2265 404 2301 V
445 2267 451 2310 1
492 2263 520 2301 ὢ
555 2266 611 2302 Va
687 2269 729 2301 11
758 2264 898 2309 εἴρωνα
925 2265 977 2301 Vo
1009 2264 1076 2300 sed
1103 2276 1135 2300 ει
1161 2275 1207 2300 ex
1226 2277 1250 2309 η
1270 2273 1352 2298 corr
1376 2262 1434 2298 m'
1459 2260 1562 2307 ἥρων

192 2315 248 2350 Va
270 2316 276 2360 Ι
299 2311 515 2355 Εὐπείθιος
539 2313 674 2359 scripsi
699 2325 720 2349 e
754 2314 788 2349 V
809 2314 852 2348 ut
878 2313 963 2348 coni
990 2313 1044 2347 Re
1070 2309 1253 2348 εὐπίθιον
1286 2311 1404 2348 VaVo
1429 2310 1497 2346 sed
1522 2310 1563 2345 in

185 2361 258 2398 hoc
284 2375 300 2398 s
333 2364 420 2397 ante
448 2364 521 2408 ι(1)
546 2362 648 2398 inser
673 2363 731 2397 m*
758 2359 974 2398 Εὐπείθιον
999 2359 1108 2396 Wolf
1186 2364 1230 2396 16
1256 2359 1400 2396 τούτων
1426 2358 1562 2404 scripsi

210 2410 361 2446 τούτοιν
385 2410 475 2446 libri
501 2410 575 2445 odd
652 2413 695 2446 17
721 2415 789 2445 τοῦ
816 2408 858 2446 δὲ
883 2408 1019 2455 scripsi
1038 2420 1058 2444 e
1076 2409 1168 2445 VVo
1194 2408 1260 2445 sed
1286 2408 1326 2443 in
1351 2407 1423 2443 hoe
1445 2405 1453 2418 “
1486 2406 1563 2442 add

187 2457 244 2493 m’
285 2460 397 2495 τοῦδε
425 2459 480 2495 Va
506 2458 615 2494 Wolf
706 2462 749 2494 18
775 2469 866 2494 ποτε
892 2468 954 2493 om
988 2458 1023 2493 V
1106 2460 1149 2492 19
1177 2455 1353 2503 ἠγάσθην
1388 2456 1422 2492 V
1444 2455 1510 2491 sed
1536 2469 1560 2491 ν

187 2505 263 2541 add
289 2507 345 2541 ω’
419 2511 462 2542 21
491 2504 526 2542 τί
554 2507 644 2543 VVo
671 2507 677 2555 Ι
706 2507 824 2542 αὐτοῦ
849 2505 938 2541 libri
964 2504 1073 2540 Wolf
