1806 2964
280 235 368 278 422
865 237 1047 274 LIBANII

280 353 351 400 τῆς
375 348 608 400 δυσμενείας
633 348 759 404 θήσῃ,
784 347 860 389 κᾶν
879 347 998 390 τᾶλλα
1016 350 1169 406 πάσχῃς
1187 357 1332 404 κακῶς,
1357 350 1384 404 ἢ
1404 355 1486 400 τοῖς
1509 352 1638 406 ἔργοις

281 413 405 454 αὐτοῦ
429 417 577 466 κρινεῖς
602 413 672 454 τὸν
695 414 858 467 τρόπον,
882 413 929 454 τὰ
953 415 1162 468 γράμματα
1193 414 1234 456 δὲ
1264 418 1474 469 χλευασίαν
1499 417 1637 474 οἶήσῃς

281 477 411 532 ὥσπερ
436 479 523 533 γάρ,
549 474 580 519 ὦ
602 475 731 533 ’γαθὲ,
755 485 882 532 μῆκος
905 478 1112 533 ἐπιστολῆς
1131 480 1180 521 οὐ
1200 482 1334 533 φιλίας
1358 481 1488 536 ἔργον,
1512 482 1640 532 οὕτως

282 541 376 585 οὐδὲ
406 544 604 597 βραχύτης
638 548 802 597 σημεῖον
826 544 984 598 ἔχθρας.
1024 547 1063 585 3.
1095 545 1144 586 σὺ
1171 544 1213 586 δὲ
1238 545 1305 587 καὶ
1335 553 1405 588 τοῦ
1431 547 1551 600 μήπω
1575 560 1639 590 σοι

246 623 262 649 5
282 607 352 649 τὸν
369 607 498 662 ἄνδρα
515 607 668 650 ἐκεῖνον
687 610 926 663 διηλλάχθαι
943 611 1165 664 προθύμως
1183 609 1287 664 ἡμᾶς
1305 612 1410 668 αι’τιᾷ
1428 611 1640 655 κάνταῦθα

282 681 559 726 συκοφαντῶν.
598 674 688 716 οὔτε
712 675 787 729 γὰρ
812 673 887 729 ἐγὼ
912 674 1036 729 λέγων
1062 673 1146 716 οὔτ’
1175 675 1325 725 ἐκεῖνος
1348 677 1545 719 πέπαυται
1567 685 1640 732 τῆς

282 738 413 794 ὀργῆς.
452 740 577 789 αἴτιος
596 739 638 781 δὲ
663 740 714 781 σὺ
738 740 814 782 οὐκ
838 739 1031 793 ἀδικήσας
1056 739 1128 793 μὲν
1153 740 1276 782 αὐτὸν
1295 742 1394 795 ἅπερ
1418 742 1640 798 ἐνομίσθης

281 804 495 860 πρότερον,
513 803 758 860 ὀλιγωρήσας
783 804 825 846 δὲ
850 812 922 846 τοῦ
946 806 1020 858 τὴν
1038 806 1222 858 ὑποψίαν
1246 806 1413 849 ἀνελεῖν.
1449 807 1470 850 ὁ
1496 807 1540 850 δὲ
1557 809 1642 850 τότε

283 868 356 922 μὲν
386 870 599 925 ὑπεριδών,
631 877 708 912 νῦν
739 870 782 912 δὲ
813 870 1133 925 ἀπολογούμενος
1163 873 1247 913 τότε
1279 871 1351 925 μὲν
1375 873 1499 915 αὑτοῦ
1529 889 1641 915 κατε-

230 949 264 975 ιο
282 935 479 990 γνωκέναι
510 937 633 988 δοκεῖ,
658 943 736 977 νῦν
761 935 804 978 δὲ
822 937 897 990 τὴν
921 936 1047 991 ἀρχὴν
1070 938 1312 979 κολακεύειν.
1353 941 1391 978 4.
1418 937 1439 979 ὁ
1465 938 1508 980 δὲ
1524 935 1638 994 Ἀγα-

284 1000 444 1055 μέμνων
463 1002 511 1042 τά
528 1017 568 1043 τε
587 1001 686 1043 ἄλλα
704 998 771 1056 ἦν,
796 1001 850 1051 ὡς
869 1002 1010 1056 ἔοικεν,
1028 1002 1182 1057 ἀγαθὸς
1200 1002 1266 1043 καὶ
1286 1004 1345 1044 ὅτι
1369 1004 1438 1045 τὸν
1452 1000 1642 1046 Ὀδυσσέα

282 1064 377 1121 παρ’
402 1064 605 1121 Ἀχιλλέως
635 1067 785 1120 ἥκοντα
815 1067 864 1108 οὐ
896 1069 1106 1109 πεπεικότα
1137 1067 1203 1108 καὶ
1228 1074 1342 1109 τοῦτο
1370 1067 1640 1123 ὁμολογοῦντα

283 1132 465 1184 οὐδαμοῦ
503 1132 696 1186 μέμφεται
726 1140 806 1174 τῶν
842 1132 967 1184 ἐπῶν,
1005 1132 1058 1182 ὡς
1090 1133 1138 1174 οὐ
1176 1135 1398 1187 βουληθείη
1435 1135 1643 1189 σύμμαχον

284 1197 391 1254 αὐτῷ
415 1198 485 1240 τὸν
510 1197 737 1252 ἀχθόμενον
762 1198 933 1253 ἀγαγεῖν.
979 1202 1017 1240 5.
1042 1199 1154 1251 ὑμεῖς
1180 1198 1236 1251 δέ,
1261 1199 1284 1239 ὅ
1307 1214 1344 1239 τι
1369 1198 1419 1240 ἂν
1444 1199 1498 1252 μὴ
1524 1196 1643 1249 οὗτος

231 1274 264 1301 1⁶
284 1262 403 1320 ἐνδῷ,
435 1262 639 1316 μέμφεσθε
670 1263 740 1305 τὸν
770 1265 1025 1317 πρεσβευτήν.
1077 1262 1125 1305 ὃν
1156 1265 1230 1305 οὐκ
1260 1263 1305 1320 ἐᾷ
1336 1265 1516 1307 πιθανὸν
1539 1261 1642 1306 εἶναι

282 1328 511 1382 Κλεομένης
534 1328 614 1370 ὑπὸ
640 1336 714 1370 σοῦ
739 1329 1071 1384 θεραπευόμενος.
1115 1330 1165 1370 σὺ
1190 1327 1228 1371 δ’
1258 1330 1332 1371 οἴει
1356 1329 1451 1382 μετὰ
1475 1337 1545 1371 τοῦ
1571 1331 1641 1372 δα-

282 1395 443 1435 κτυλίου
468 1401 539 1435 τοῦ
564 1395 698 1448 Γύγου
722 1396 852 1436 πάντα
876 1395 983 1448 δρῶν
1007 1396 1239 1448 λανθάνειν,
1269 1395 1315 1435 τὰ
1341 1394 1383 1436 δὲ
1408 1394 1451 1436 ἕν
1477 1395 1580 1452 μέσῳ
1604 1411 1644 1437 τε

356 1547 378 1580 5
403 1544 638 1581 Cleomenem
658 1544 706 1581 of.
726 1557 782 1591 ep.
800 1548 881 1580 399.
908 1545 1026 1581 Seeck
1053 1549 1097 1580 72
1169 1549 1212 1580 12
1231 1545 1274 1581 Il.
1289 1559 1303 1580 ι
1322 1548 1392 1581 676
1401 1557 1455 1591 sq.
1531 1549 1575 1586 ιδ
1586 1558 1642 1592 sq.

284 1591 485 1629 Snlzmmn
509 1596 553 1628 27

359 1732 377 1764 1
403 1727 516 1774 λόγον
541 1731 629 1765 ante
649 1728 760 1773 θήσει
787 1730 841 1764 I'a
863 1729 870 1775 Ι
890 1728 938 1764 τὰ
963 1729 1056 1765 ἄλλα
1082 1729 1176 1766 VVa
1234 1733 1255 1764 2
1275 1727 1394 1774 κρίνει
1419 1729 1477 1765 Va
1498 1730 1504 1775 Ι
1531 1728 1579 1765 τὰ
1596 1749 1644 1756 -

284 1775 392 1822 οἰήσῃ
410 1776 627 1822 praemissis
652 1776 773 1812 verbis
797 1776 959 1823 χλευάζω
984 1776 1077 1822 λέγε,
1095 1777 1299 1823 χλευασμὸς
1324 1777 1365 1812 δὲ
1385 1774 1526 1823 μηκέτι,
1550 1776 1644 1813 ἀλλὰ

284 1823 393 1871 χλεύη
419 1824 484 1859 καὶ
517 1822 705 1870 χλευασία.
740 1823 923 1871 Λιβάνιος
956 1825 997 1860 ἐν
1029 1824 1201 1872 ἐπιστολῇ
1234 1825 1328 1860 citat
1354 1823 1517 1860 Thomas
1541 1823 1642 1871 Mag.

287 1883 315 1907 s.
340 1883 372 1907 v.
392 1870 554 1919 χλευάζω
579 1883 615 1917 p.
635 1875 752 1916 401‚2
767 1871 801 1906 R
845 1876 851 1915 Ι
895 1871 1097 1918 πράγματα
1124 1872 1172 1908 Vs·
1206 1872 1274 1907 sed
1298 1871 1356 1918 γρ’
1381 1871 1580 1918 γράμματα
1603 1871 1645 1907 in

286 1929 394 1965 marg
417 1919 474 1954 m⁸
495 1921 500 1964 Ι
522 1918 640 1966 ἡγήση
668 1919 698 1956 S
725 1919 790 1955 sed
815 1932 861 1965 γρ
887 1919 994 1966 οἰήσῃ
1026 1930 1217 1965 suprascr,
1251 1919 1350 1956 Vind
1373 1919 1482 1955 Wolf
1502 1919 1599 1956 Ceut

287 1970 309 2002 8
333 1965 455 2011 ὥσπερ
488 1987 533 1993 -
565 1970 587 2001 4
613 1966 754 2013 ἔχθρας
783 1966 878 2003 citat
917 1966 1113 2027 Macarius=
1141 1966 1269 2013 Chrys.
1302 1967 1387 2003 Ros.
1420 1967 1501 2003 cod.
1527 1966 1642 2002 Mam

1073 2028 1121 2050 ·α

287 2061 351 2097 fol.
376 2064 422 2096 96
444 2063 450 2107 1
471 2060 543 2108 γάρ
578 2073 640 2097 om
666 2062 723 2098 Va
747 2061 878 2098 Macar
962 2066 983 2098 8
1008 2027 1144 2099 ggvlfi'o
1167 2059 1237 2098 οὖν
1262 2062 1309 2098 Vi
1353 2064 1359 2108 Ι
1408 2058 1437 2097 ὦ
1462 2060 1587 2106 ἀγαθὲ
1612 2063 1649 2098 V

287 2105 416 2155 ὦγαθὲ
447 2109 504 2145 Va
549 2107 674 2155 ἀγαθὲ
701 2110 748 2146 Vi
772 2109 817 2146 cf.
844 2110 872 2145 ἦ.
902 2109 920 2145 I
938 2113 1020 2154 358,
1040 2114 1061 2145 6
1159 2114 1183 2145 4
1208 2123 1252 2155 με
1277 2111 1365 2156 post
1389 2109 1431 2145 δὲ
1463 2109 1564 2145 inser
1588 2109 1644 2146 V⁴

288 2155 397 2192 Wolf
423 2156 471 2193 ed
520 2156 643 2193 delevi
725 2161 748 2193 5
776 2156 820 2193 τὸ
851 2161 977 2203 μνῆμα
1009 2162 1130 2193 σαυτῶ
1168 2156 1396 2204 διηλλάχθαι
1425 2158 1512 2203 post
1542 2157 1645 2203 διηλ-

287 2203 334 2239 λά
357 2206 431 2240 θαι
451 2204 487 2239 V
515 2205 582 2240 sed
607 2203 670 2240 del
693 2204 761 2249 ω’,
788 2205 842 2241 Va
864 2206 870 2250 Ι
891 2204 990 2250 ἡμᾶς
1013 2204 1155 2241 inserui
1181 2215 1202 2241 e
1227 2205 1314 2242 SVi
1354 2215 1419 2240 om
1445 2204 1647 2241 VVaVs'nd

339 2250 398 2287 olf
438 2252 445 2298 Ι
489 2252 692 2289 κάνταῦθα
729 2258 977 2296 συκοφαντῶν
1020 2263 1081 2288 om
1106 2252 1135 2289 S
1147 2252 1193 2288 Vi
1289 2255 1310 2287 6
1341 2251 1427 2289 οὔτε
1451 2252 1547 2288 VVa

289 2302 310 2334 ’1
336 2297 458 2343 ὥσπερ
488 2299 519 2336 S
560 2301 566 2345 Ι
600 2297 783 2346 ἐνομίσθη
809 2299 922 2336 VaVi
1005 2303 1026 2335 9
1059 2300 1178 2336 αὐτοῦ
1204 2300 1238 2335 V
1265 2298 1359 2335 sed’
1381 2297 1444 2336 in‘
1471 2310 1553 2335 corr
1575 2298 1643 2343 111⁴,

296 2346 389 2383 Vas
406 2346 514 2382 Wolf
560 2350 606 2383 10
630 2345 754 2384 ἐδόκει
777 2347 807 2384 S
832 2347 899 2383 sed
918 2361 962 2393 γρ
982 2349 1089 2384 δοκεῖ
1111 2359 1155 2383 su
1183 2358 1296 2390 rascr,
1321 2347 1369 2382 Vs·
1388 2349 1395 2393 Ι
1415 2346 1647 2391 θεραπεύειν

296 2394 343 2430 Vi
416 2397 460 2429 12
485 2391 600 2430 τοῦθ’
622 2394 763 2432 SVind
786 2394 894 2431 Wolf
964 2398 1008 2430 14
1034 2395 1136 2444 αὐτῷ
1174 2394 1249 2430 ibri
1273 2394 1382 2431 Wolf
1407 2396 1414 2441 Ι
1443 2392 1482 2430 δ’
1505 2394 1646 2431 svend

294 2439 399 2477 Wolf
418 2439 460 2477 δ’
483 2439 533 2478 ἂν
558 2443 607 2478 Vi
644 2442 651 2489 Ι
684 2440 742 2478 ὅτι
765 2441 854 2478 libri
878 2441 987 2478 Wolf
1057 2446 1102 2478 15
1127 2441 1343 2488 μέμφεσθαι
1367 2441 1461 2478 Vas
1532 2444 1576 2477 10
1601 2440 1644 2477 δὲ

298 2489 344 2524 Vi
364 2491 370 2533 Ι
393 2488 475 2525 οἴου
499 2488 608 2525 Wolf
637 2489 684 2525 ed
759 2493 803 2525 1⁷
835 2495 952 2525 ταῦτα
979 2490 1129 2526 VaSVi
