1806 2964
611 217 882 255 Ems‘rnLAE
910 222 1098 256 150-168
1198 200 1200 202 ’
1456 218 1538 261 147

803 328 903 387 ρνβ’.
1466 339 1517 374 W
1545 342 1613 375 152

583 418 877 473 Πρισκιανῷ.
924 423 1123 470 (359]609)

229 505 266 542 1.
300 501 494 549 Θεόδοτος
517 499 586 541 καὶ
610 501 805 555 Χαρίσιος
829 499 1018 554 ἀδελφοί,
1042 500 1158 555 τέχνη
1184 499 1227 542 δὲ
1252 501 1393 543 αὐτοῖν
1417 499 1444 554 ἡ
1469 501 1539 542 αὖ·

163 567 234 620 τή,
264 565 487 621 προσθήσω
520 565 584 619 δέ,
616 565 676 607 ὅτι
707 567 774 608 καὶ
804 568 967 623 γνώμη,
1003 567 1052 608 τὰ
1083 567 1173 622 περὶ
1203 574 1283 609 τῶν
1317 571 1541 621 συνθηκῶν

163 634 374 688 γράμματα
398 637 482 682 τοῖς
505 631 742 687 ἀνθρώποις
765 635 939 689 γράφειν
963 633 1062 675 ἄνευ
1087 640 1159 676 τοῦ
1183 633 1325 688 κέρδος
1348 633 1449 676 κατὰ
1469 640 1540 688 τῆς
1577 649 1594 676 5

165 698 360 753 ἀληθείας
390 706 520 753 τιμᾶν.
567 701 605 740 2.
631 700 702 741 τὸν
727 698 800 754 μὲν
831 695 907 742 οὖν
936 700 1134 742 Θεόδοτον
1158 700 1282 742 πάλαι
1307 697 1402 754 μεθ’
1425 698 1541 754 ἡμῶν

164 765 232 807 καὶ
263 766 471 821 γινώσκεις
500 765 570 807 καὶ
600 769 749 820 φιλεῖς,
786 767 984 822 Χαρίσιον
1017 765 1060 808 δὲ
1090 767 1166 821 τὴν
1198 766 1318 809 πόλιν
1351 767 1540 808 οἰκοῦντα

166 833 324 882 πάντως
347 832 428 873 πού
453 847 513 881 τις
537 829 704 890 ἐπῄνεσε
728 833 829 889 πρὸς
854 832 897 875 σὲ
922 839 1021 888 νῦν,
1046 830 1133 875 ἀλλ’
1155 832 1177 876 ὁ
1204 832 1276 887 μὲν
1296 834 1455 888 οἴχεται,
1481 834 1542 874 δεῖ

166 899 210 941 δὲ
240 901 412 953 βοηθῶν
442 902 527 948 τοῖς
558 898 713 940 ἐκείνου
744 900 934 950 παιδίοις.
973 899 995 942 ὁ
1026 904 1141 949 θεῖος
1166 899 1210 942 δὲ
1235 897 1289 941 δι’
1314 898 1430 953 ἡμῶν
1461 901 1541 941 ἰκε-

165 966 269 1007 τεύει
300 966 371 1008 τὸν
402 964 535 1007 εἰδότα
559 965 710 1015 σώζειν.
756 968 796 1007 3.
824 967 943 1008 δώσει
968 965 1012 1008 δὲ
1036 965 1059 1009 ὁ
1083 970 1267 1022 γενναῖος
1291 965 1540 1020 Πρισκιανὸς
1561 987 1595 1013 1⁰

164 1031 239 1086 τὴν
269 1032 384 1088 χάριν
417 1029 517 1086 ἡμῖν
547 1046 587 1072 τε
612 1032 855 1086 πευθόμενος
882 1032 951 1074 καὶ
980 1033 1178 1075 Θεόδοτον
1202 1032 1247 1074 ἐν
1271 1032 1374 1090 λόγῳ
1398 1033 1540 1074 ποιού-

166 1114 296 1153 μενος.
333 1097 501 1148 ἐκείνοις
524 1113 565 1139 τε
590 1093 666 1139 οὖν
690 1098 766 1152 τὴν
790 1097 993 1154 ὀρφανίαν
1017 1103 1201 1152 κουφιεῖς
1231 1098 1299 1140 καὶ
1324 1099 1542 1155 φροντίδος

166 1164 347 1216 ἀξιώσεις
371 1165 465 1216 τοὺς
491 1164 534 1206 ἐν
559 1166 684 1222 Κύρῳ
714 1166 860 1208 τούτου
886 1170 1100 1222 συγγενεῖς.

798 1344 902 1403 ,ρνγ’.
1466 1355 1515 1390 W
1543 1359 1611 1392 163

565 1427 871 1490 Ἀνδρονίκῳ.
913 1442 1144 1486 (358—361)
1559 1446 1594 1475 ιο

228 1521 266 1558 1.
292 1518 403 1557 Πᾶσι
427 1515 501 1570 μὲν
526 1520 609 1566 τοῖς
633 1513 731 1571 παρ’
752 1516 870 1566 ἀξίαν
895 1516 1086 1571 ἀτυχοῦσι
1110 1518 1283 1570 βοηθεῖν
1307 1512 1420 1570 οἶμαι
1442 1517 1541 1571 δεῖν,

166 1583 190 1624 ὅ
219 1598 257 1624 τι
287 1580 339 1623 ἂν
370 1582 555 1637 δύνωμαι
585 1581 654 1624 καὶ
677 1583 826 1636 νομίζω
850 1587 982 1624 ποιεῖν
1006 1582 1225 1637 ἀρέσκοντα
1249 1586 1303 1640 τῷ
1329 1583 1419 1637 Διί,
1446 1582 1542 1632 τοὺς

167 1645 207 1690 δ’
223 1647 289 1690 ἐπὶ
313 1648 447 1704 λόγοις
474 1664 543 1703 μοι
560 1649 801 1705 προσιόντας
818 1648 887 1691 καὶ
906 1649 1013 1699 ὅστις
1031 1649 1184 1691 τούτων
1203 1650 1349 1699 οἰκεῖος
1369 1650 1542 1691 διπλοῦν

167 1713 248 1770 ὁρῶ
273 1714 373 1770 πρὸς
397 1713 466 1770 ἐμὲ
489 1716 534 1758 τὸ
560 1716 720 1757 δίκαιον
743 1715 916 1771 ἔχοντας.
954 1715 1088 1770 ἔχουσι
1112 1715 1187 1771 γὰρ
1212 1715 1313 1771 πρὸς
1337 1720 1391 1773 τῷ
1416 1719 1540 1773 κοινῷ

163 1781 232 1824 καὶ
265 1782 310 1824 τὸ
345 1780 412 1823 διὰ
447 1782 542 1831 τοὺς
575 1782 729 1838 λόγους.
775 1785 815 1823 2.
849 1782 1011 1838 Μάρων
1035 1782 1176 1823 τοίνυν
1206 1788 1286 1822 τῶν
1316 1779 1413 1836 παρ’
1441 1780 1540 1836 ἡμῖν
1560 1803 1596 1829 20

165 1847 271 1889 ἐστιν
296 1847 361 1906 ἐπὶ
385 1848 518 1903 λόγοις
542 1847 846 1902 ἐπαινουμένων
853 1880 866 1902 ,
897 1849 1049 1898 πόλεως
1083 1846 1156 1901 μὲν
1182 1848 1415 1902 Πανεάδος,
1445 1852 1540 1897 παῖς

240 1981 259 2013 1
295 1976 363 2017 V11
386 1976 435 2021 α’,
461 1975 551 2025 ρλγ’.
585 1978 642 2014 Va
665 1975 715 2025 β’,
741 1989 811 2018 νς.
844 1978 898 2015 Vo
916 1975 965 2025 β’,
991 1975 1051 2017 νς’
1114 1980 1160 2012 14
1192 1977 1262 2017 VJ!
1284 1975 1334 2023 α’,
1360 1975 1451 2022 ρλδ’.
1485 1977 1541 2013 Va

166 2023 215 2072 β’,
240 2024 305 2068 vt'.
338 2025 392 2061 Vo
417 2024 466 2073 β’,
489 2025 544 2069 νζ

239 2149 261 2181 2
288 2145 407 2182 Seeck
432 2149 514 2183 244.
541 2149 622 2183 8⁶6.
650 2145 820 2182 Silomon
845 2149 891 2183 86
942 2149 964 2181 3
991 2144 1111 2182 Seeck
1130 2149 1199 2181 311
1253 2149 1271 2181 Ἰ
1298 2144 1541 2181 Antiochiam

218 2199 262 2230 15
290 2193 436 2230 Sievern
462 2197 509 2230 88
533 2196 612 2231 not.
634 2197 690 2231 ⁷8.
717 2193 837 2231 Seeck
864 2197 922 2231 71.
948 2197 1031 2231 86⁶.
1058 2193 1227 2230 Silomon
1252 2197 1299 2230 36

240 2318 261 2350 7
286 2313 412 2362 χάρισι
443 2315 498 2352 Vo
522 2315 590 2351 sod
614 2328 659 2352 ον
685 2314 762 2350 add
787 2314 846 2350 ιη’
919 2318 963 2350 11
989 2326 1029 2350 τε
1054 2312 1189 2360 scripsi
1213 2315 1259 2350 ut
1282 2313 1367 2351 coni
1392 2313 1502 2350 Wolf

166 2361 206 2399 τὶ
233 2362 270 2399 V
288 2362 331 2400 δὲ
363 2363 482 2400 VaVo
507 2363 575 2399 ned
598 2363 641 2399 in
670 2362 743 2399 hoo
772 2362 812 2398 τὲ
843 2373 1021 2409 suprascr
1044 2362 1113 2405 m’,
1140 2361 1248 2398 Wolf
1341 2365 1387 2398 18
1412 2361 1538 2408 πόρρω

174 2410 232 2448 Va
256 2410 304 2447 cf.
324 2421 386 2457 ep.
406 2414 487 2448 174.
509 2414 614 2448 1071.
636 2414 741 2447 1074.
763 2414 869 2447 1291.
891 2414 996 2447 1384.
1019 2414 1123 2447 1516.
1142 2409 1195 2446 &I
1215 2414 1298 2455 177,
1316 2413 1339 2447 8
1409 2414 1453 2447 17
1474 2423 1538 2447 νο·

167 2459 261 2542 ᾄσσω
286 2457 396 2495 Wolf
417 2459 485 2496 sed
510 2469 594 2496 oon·
617 2458 706 2495 Add
730 2461 801 2496 860
888 2462 932 2495 21
959 2456 1086 2506 λόγοις
1116 2458 1251 2505 soripsi
1276 2469 1297 2495 o
1330 2459 1367 2496 V
1384 2460 1430 2495 ut
1453 2458 1537 2495 ooni

218 2505 277 2543 olf
307 2505 441 2550 πόνοις
473 2507 528 2544 Va
536 2507 589 2544 Vo
613 2505 724 2544 Wolf
