1806 2964
639 238 909 276 EPISTULAE
936 242 1124 275 εει-587
1459 240 1547 283 551

180 351 299 408 χρείᾳ.
328 354 365 392 3.
391 350 434 391 τὸ
460 350 503 392 δὲ
529 352 598 394 τὸν
623 358 794 407 συγγενῆ
822 363 886 394 σοι
911 351 1032 393 ταύτὰ
1051 355 1290 407 λειτουργεῖν
1309 352 1353 393 ἐν
1374 354 1551 410 Βιθυνίᾳ

182 418 319 471 καιρὸς
345 413 396 471 ἧν
428 418 568 467 διδούς
593 430 656 459 σοι
682 419 881 460 δεικνύειν
913 418 972 460 ὅτι
997 425 1078 459 τῶν
1110 418 1268 460 οἰκείων
1299 419 1349 460 οὐ
1383 425 1481 476 ποιῇ
1506 419 1550 460 τὸ

182 490 263 525 τῶν
288 484 419 535 φίλων
444 484 640 537 δεύτερον.
679 480 780 533 ἀλλ’,
805 480 935 539 οἶμαι,
965 484 1171 539 πρόφασιν
1195 485 1379 539 ἥρπασας
1403 485 1460 533 εἰς
1484 485 1552 541 ‹59¹-

181 550 350 603 θυμίαν.
384 552 423 591 4.
449 549 717 603 πεπόμφαμεν
742 550 785 592 δὲ
810 549 909 605 ὑμῖν
934 545 992 591 ὧν
1016 548 1115 604 ἡμῖν
1141 550 1184 591 τὸ
1210 549 1303 605 ὅρος
1329 550 1474 605 τρέφει.
1500 550 1550 591 σὺ

183 612 241 668 δ’,
265 616 302 657 εἰ
324 615 392 657 καὶ
417 615 472 669 μὴ
499 616 644 657 δοῦναι
668 617 783 671 χάριν
809 615 976 670 ἕτοιμος,
1000 611 1086 657 ἀλλ’
1108 615 1364 668 ἀμείψασθαι
1389 617 1551 669 φάνηθι

182 698 237 735 μη
263 682 396 731 κακός.

818 749 926 807 φπξ·
1479 762 1528 797 W
1554 767 1623 798 502»

683 835 891 897 Ἀλκίμῳ.
925 850 1032 893 (357)

247 928 284 964 1.
303 921 477 978 Ἔλαβόν
503 936 577 965 σου
603 924 670 965 διὰ
700 925 890 978 Θώρακος
921 924 1152 978 ἐπιστολήν,
1177 925 1387 979 γράμματα
1413 924 1456 966 δὲ
1482 920 1547 965 ἐπ’

1589 632 1605 656 5

182 988 314 1046 ἐκείνῃ
341 990 484 1032 δώσειν
509 990 647 1043 εἰπών,
673 986 750 1043 ἀφ’
773 986 831 1031 ὧν
856 989 908 1031 ἂν
933 985 987 1043 ἦν
1012 1006 1080 1044 μοι
1105 994 1268 1044 μαθεῖν,
1295 990 1318 1031 ὅ
1341 1006 1378 1031 τι
1404 991 1471 1031 δεῖ
1488 1003 1549 1031 σοι
1571 998 1607 1024 1⁰

182 1060 436 1110 πραχθῆναι,
481 1057 593 1109 μόλις
637 1055 710 1110 μὲν
753 1055 1003 1111 ἐντυγχάνει,
1047 1058 1188 1098 δίδωσι
1232 1056 1274 1098 δὲ
1319 1056 1413 1098 οὐδὲ
1457 1057 1551 1098 τότε.

186 1125 224 1163 2.
256 1121 419 1163 ἐκείνων
451 1122 524 1176 μὲν
555 1118 631 1165 οὖν
661 1122 715 1176 ’ἢν
746 1124 875 1176 λάβω,
908 1124 1120 1176 φανοῦμαί
1151 1135 1214 1164 σοι
1251 1129 1430 1172 τοιοῦτος
1462 1119 1552 1164 οἷον

182 1189 365 1238 ἐλπίζεις·
392 1196 472 1230 τῶν
502 1188 658 1244 ἄρκτων
690 1188 732 1230 δὲ
764 1187 863 1242 ἡμῖν
897 1188 922 1242 ἡ
955 1190 1070 1238 πόλις
1101 1189 1215 1243 ὑμῶν
1247 1189 1457 1243 μεταδότω.
1490 1189 1553 1230 σοὶ

184 1254 226 1296 δὲ
253 1256 530 1310 διαλεγόμενος
554 1255 645 1308 περὶ
670 1250 728 1296 ὧν
754 1255 821 1296 δεῖ
838 1254 1027 1310 γενέσθαι
1061 1255 1170 1310 παρὰ
1194 1262 1266 1296 τοῦ
1297 1262 1439 1296 κοινοῦ
1464 1251 1547 1309 τάχ’

184 1321 279 1370 ἴσως
309 1321 382 1375 οὐχ
412 1320 645 1376 ἁμαρτάνω·
676 1320 928 1375 πειθομένην
957 1321 1032 1376 γὰρ
1064 1321 1161 1375 ἔχεις
1193 1325 1324 1371 καλῶς
1353 1328 1551 1362 ποιοῦσαν
1571 1329 1605 1355 ²⁵

183 1387 257 1439 τὴν
287 1387 418 1429 πόλιν.
465 1390 502 1429 3.
528 1387 713 1441 ἐνθυμοῦ
746 1387 789 1429 δὲ
821 1387 880 1429 ὅτι
916 1387 960 1429 τὸ
998 1387 1095 1430 αὐτὸ
1126 1387 1194 1429 καὶ
1225 1386 1324 1441 ἡμῖν
1354 1387 1423 1429 καὶ
1454 1387 1552 1440 ὑμῖν

183 1454 283 1495 οἴσει
306 1454 464 1508 κρότον,
489 1451 588 1507 ἡμῖν
614 1452 686 1507 μὲν
718 1452 773 1503 ὡς
805 1455 962 1510 σπουδῇ
988 1453 1252 1508 χρησαμένοις
1275 1452 1391 1507 <εἰς>
1414 1453 1458 1495 τὸ
1484 1457 1552 1494 λα-

183 1520 285 1573 βεῖν,
311 1518 409 1573 ὑμῖν
434 1519 477 1561 δὲ
504 1518 557 1569 ὡς
582 1518 679 1561 ἄνευ
699 1520 863 1573 φθόνου
884 1520 1112 1561 δεδωκόσιν.
1145 1518 1224 1573 ἡδὺ
1251 1519 1295 1562 δέ
1313 1536 1393 1562 που
1419 1520 1462 1561 τὸ
1482 1526 1552 1573 τῆς

182 1584 331 1639 ἄρκτου
341 1586 556 1639 θαυμαστὰ
574 1585 838 1641 ἐργαζομένης
855 1586 926 1628 τὸν
944 1585 1148 1641 ἐρόμενον,
1166 1586 1323 1628 πόθεν
1345 1585 1392 1627 δὲ
1412 1586 1552 1639 αὕτης

184 1651 314 1706 παρὰ
338 1655 568 1694 Βιθυνῶν
594 1652 774 1694 ἀκοῦσαι.

259 1772 277 1802 7
314 1769 380 1804 Vn
401 1767 447 1815 β’,
475 1767 509 1804 ι’.
542 1770 597 1804 Va
623 1766 670 1813 ς’,
695 1767 768 1815 qy‘.
802 1768 855 1804 Vo
880 1767 927 1813 ς’,
953 1767 1014 1815 (ἦγ’

260 1881 277 1912 1
304 1876 494 1912 Alcimum
520 1877 566 1912 ef.
587 1887 644 1922 ep.
665 1880 746 1912 587.
769 1880 850 1912 598.
884 1875 1001 1912 Seeck
1021 1880 1066 1911 52
1166 1880 1188 1912 8
1214 1875 1261 1912 cf.
1290 1888 1347 1922 ep.
1369 1880 1450 1912 544.
1469 1879 1551 1912 598.

185 1924 331 1960 Sievers
357 1928 403 1960 84
430 1927 503 1960 not.
525 1928 582 1960 81.
610 1924 728 1961 Seeck
749 1929 804 1960 52.
826 1928 896 1960 336
967 1927 1073 1970 19sq.
1094 1924 1140 1960 ef.
1162 1936 1220 1970 ep.
1240 1927 1311 1960 588

258 2036 277 2068 1
304 2045 394 2068 num
429 2044 498 2069 σου
529 2032 793 2069 scribendum?
827 2034 833 2079 Ι
872 2032 993 2069 ταύτὰ
1027 2032 1162 2078 scripsi
1195 2034 1348 2069 auctore
1386 2032 1441 2068 Re
1476 2030 1551 2067 coll

185 2091 244 2125 ep.
265 2084 333 2116 587
371 2086 492 2117 ταῦτα
515 2081 604 2116 libri
631 2081 738 2117 Wolf
825 2085 847 2116 5
873 2081 938 2117 καὶ
965 2080 1014 2127 μὴ
1047 2081 1179 2127 scripsi
1208 2091 1228 2116 e
1258 2081 1293 2116 V
1329 2081 1378 2126 μὴ
1404 2080 1468 2116 καὶ
1496 2081 1551 2116 Va

193 2129 246 2164 l'o
271 2128 380 2164 Wolf
414 2130 420 2175 Ι
455 2128 607 2175 φάνηθι
633 2129 681 2175 μὴ
708 2129 843 2175 scripsi
868 2141 890 2165 e
918 2130 952 2164 V
984 2128 1138 2174 φάνηθι
1163 2129 1280 2166 VaVo
1323 2128 1373 2175 μὴ
1399 2127 1553 2174 φάνηθι

186 2175 294 2212 Wolf
387 2180 407 2212 (3
433 2177 547 2219 καλός
573 2178 625 2214 Vo
657 2178 722 2213 sed
747 2177 810 2219 λός
836 2189 917 2214 corr
948 2177 1004 2212 ωδ
1029 2175 1085 2220 (λό
1116 2178 1156 2212 in
1189 2188 1250 2212 ras
1282 2187 1302 2212 e
1333 2177 1388 2213 λεί
1422 2178 1465 2211 ut
1497 2175 1551 2211 vi-

184 2224 308 2271 detur)
330 2227 336 2272 1
359 2225 529 2271 sequitur
555 2235 612 2270 ep.
634 2228 703 2261 588
729 2225 771 2261 in
797 2227 832 2262 V
909 2229 951 2261 11
979 2225 1022 2261 δὲ
1048 2224 1110 2261 del
1138 2227 1193 2262 Va
1277 2229 1318 2260 12
1346 2225 1471 2260 ἐκεῖνα
1497 2224 1551 2259 Re

185 2273 252 2308 sed
277 2271 432 2310 ἐκείνων
457 2274 597 2309 servari
615 2284 738 2319 posse,
763 2273 796 2309 εἰ
821 2272 991 2322 λάβωμαι
1016 2273 1214 2316 scribatur,
1242 2272 1361 2319 Suppl
1389 2276 1394 2315 Ι
1427 2277 1551 2308 τοιοῦ-

185 2334 249 2362 τος
274 2323 331 2357 Va
355 2321 421 2357 sed
446 2334 506 2358 τοι
530 2321 592 2357 del
668 2325 712 2357 13
738 2320 781 2357 δὲ
805 2321 908 2358 inser
933 2322 1005 2359 Vo⁶
1047 2332 1108 2357 om
1135 2322 1230 2358 VVa
1251 2323 1256 2368 Ι
1279 2319 1470 2367 μεταδότω
1497 2321 1552 2356 Va

186 2368 253 2404 sed
278 2381 322 2414 με
349 2369 411 2405 del
486 2373 530 2404 14
555 2368 660 2414 παρὰ
684 2382 706 2405 τ
731 2369 793 2405 del
820 2371 877 2406 Va
951 2374 995 2405 15
1021 2369 1092 2415 γὰρ
1119 2370 1215 2452 ἔᾶξις
1238 2371 1308 2405 καλ
1333 2368 1396 2404 del
1423 2369 1480 2404 Va

188 2420 231 2452 17
258 2417 403 2463 σπουδὴ
430 2418 485 2453 Va
506 2417 512 2464 Ι
535 2418 588 2459 εἰς
611 2418 654 2454 τὸ
681 2417 816 2463 scripsi
841 2418 884 2454 τὸ
909 2417 998 2453 libri
1034 2423 1102 2453 τοῦ
1178 2417 1236 2453 olf
1302 2420 1345 2453 19
1371 2416 1552 2462 ἐρόμενον

195 2466 246 2501 Γο
271 2465 337 2501 sed
363 2467 442 2510 o(1)
467 2476 514 2501 ex
538 2479 567 2502 ω
593 2476 676 2502 corr
701 2466 757 2501 111⁶
778 2466 784 2510 Ι
806 2464 901 2512 αὕτη
920 2465 1056 2512 scripsi
1081 2465 1177 2512 αὐτὴ
1202 2465 1291 2501 libri
1310 2464 1375 2500 sed
1395 2464 1436 2499 in
1455 2463 1550 2510 αὕτη

186 2523 270 2549 corr
295 2513 377 2558 Vo‘,
408 2512 512 2548 Wolf
575 2518 621 2550 20
647 2514 817 2561 sequitur
842 2525 899 2560 ep.
921 2517 988 2550 591
1016 2513 1056 2548 in
1083 2515 1118 2550 V
