1806 2964
635 230 910 269 EPISTULAE
935 235 1129 269 408-410
1474 233 1564 277 405

188 343 235 386 τὸ
259 344 348 399 ζῆν,
373 344 527 386 τούτων
551 343 904 400 ἀποκεκλείσμεθα.
949 347 989 387 4.
1015 345 1168 401 μάρτυς
1193 344 1238 388 δὲ
1263 343 1363 400 ἡμῖν
1386 352 1467 388 τῶν
1491 362 1564 388 πα-

189 413 283 452 θῶν
307 409 330 453 ὁ
353 411 550 461 παλαίσας
574 415 657 461 τοῖς
681 411 858 454 πάθεσιν
872 407 1101 466 Ὀλύμπιος,
1125 410 1147 454 ὁ
1172 411 1242 462 σός
1260 427 1300 453 τε
1319 411 1474 467 ἑταῖρος
1497 412 1566 454 καὶ

182 472 472 533 Ἱπποκράτους
495 476 563 519 καὶ
582 478 812 529 Πλάτωνος.
846 473 897 520 οὗ
916 479 1143 532 δεδεήμεθα
1167 477 1363 533 λαβέσθαι
1387 491 1461 520 σου
1485 486 1566 522 τῶν

187 543 371 598 γονάτων
395 543 462 585 καὶ
496 542 762 598 ἔπιδακρύσαι
794 544 862 586 καὶ
897 542 1025 599 μηδὲν
1049 545 1216 594 ἷκετείας
1250 541 1357 594 εἶδος
1388 543 1564 597 ἀφεῖναι.

191 611 232 651 5.
256 610 413 660 τούτοις
445 622 487 651 σε
517 614 756 666 παρακαλῶ,
786 611 889 666 πρὸς
919 609 963 653 δὲ
994 609 1116 652 ἄλλον
1140 609 1263 653 οὐδὲν
1287 609 1340 652 ἂν
1363 611 1566 666 γράψαιμι
1603 627 1620 655 ⁵

187 682 373 718 τοιοῦτον
402 677 675 732 λογιζόμενος,
707 675 762 727 ὡς
791 677 988 731 ἐθελήσας
1021 675 1096 731 μὲν
1120 676 1300 733 ἀρκέσεις
1329 677 1398 719 καὶ
1428 678 1566 732 μόνος,

188 740 241 784 οὔ
264 741 541 797 βουληθέντος
565 742 608 785 δὲ
634 750 709 785 σοῦ
733 743 802 785 καὶ
825 743 947 785 τᾶλλα
971 744 1129 798 μάταια.

845 912 911 955 ω’.
1275 920 1325 956 w
1350 925 1420 957 412
1447 920 1556 969 (Ceut
1580 924 1641 967 89)

648 999 946 1055 Καλλιοπίῳ.
995 1008 1105 1052 (355)

253 1084 292 1123 1.
320 1081 379 1123 Τὰ
404 1080 477 1136 μὲν
502 1081 600 1124 ἄλλα
627 1080 651 1136 ἡ
677 1082 819 1139 πατρὶς
843 1080 943 1137 ἡμῖν
968 1081 1144 1136 ἀμείνων
1169 1089 1241 1135 τῆς
1265 1082 1485 1137 ἀλλοτρίας,
1516 1082 1566 1124 σὺ
1589 1098 1622 1124 1⁰

189 1146 236 1190 δὲ
259 1148 390 1202 αὐτὴν
415 1148 492 1191 οὐκ
516 1149 586 1206 ἐᾷς
609 1149 741 1190 πάντα
765 1145 870 1190 εἶναι
900 1155 972 1203 τῆς
1002 1147 1210 1203 ἀλλοτρίας
1235 1148 1397 1202 ἀμείνω.
1440 1166 1565 1204 γραμ-

190 1215 327 1268 μάτων
344 1215 435 1270 γάρ,
459 1213 487 1256 ἃ
511 1215 589 1270 πρὸ
614 1222 686 1257 τοῦ
708 1219 870 1257 πλεῖστα
894 1215 1078 1269 ἔπεμπες,
1104 1214 1241 1268 ἐπειδὴ
1268 1212 1377 1269 δεῦρ’
1399 1215 1565 1269 ἥκομεν,

188 1280 427 1335 ἐφθόνησας
453 1282 608 1332 δίκαιος
633 1280 691 1323 ὢν
715 1287 795 1323 νῦν
818 1281 1003 1336 πέμπειν,
1027 1282 1065 1324 εἰ
1091 1281 1160 1323 καὶ
1185 1282 1379 1336 πρότερον
1404 1282 1564 1336 ἐτύγχα-

189 1363 258 1397 νες
282 1347 461 1403 σιγήσας.
508 1350 546 1389 2.
571 1347 639 1390 καὶ
663 1347 708 1390 τὸ
733 1347 790 1390 ἔτι
814 1349 1101 1403 σχετλιώτερον,
1128 1346 1240 1390 ἄλλοι
1265 1346 1339 1402 μὲν
1364 1344 1473 1402 εἶχον
1496 1351 1564 1389 λα-

188 1413 328 1468 βόντες
352 1413 421 1456 καὶ
445 1414 680 1457 ἐδείκνυσαν
704 1413 816 1469 ἡμῖν,
840 1414 916 1470 ἐγὼ
942 1413 986 1456 δὲ
1010 1413 1295 1470 ἠναγκαζόμην
1319 1422 1391 1456 τοῦ
1417 1414 1472 1468 μὴ
1497 1418 1566 1456 λα-
1588 1429 1621 1457 1⁵

191 1481 280 1534 βεῑν
305 1481 437 1522 αἰτίαν
461 1479 600 1536 λέγειν.
637 1480 691 1534 ἣν
716 1481 849 1522 πάντα
872 1487 999 1523 κινῶν
1023 1480 1156 1536 εὑρεῖν
1180 1480 1257 1522 οὐκ
1281 1477 1398 1535 εἶχον.
1438 1481 1506 1522 σοί
1527 1496 1567 1522 τε

189 1546 266 1603 γὰρ
296 1547 491 1601 εὐπορίαν
516 1548 573 1597 εἰς
604 1548 749 1603 λόγους
780 1542 974 1606 συνῄδειν
999 1547 1157 1606 ἐμαυτῷ
1185 1562 1224 1588 τε
1256 1547 1313 1596 εἰς
1339 1545 1381 1589 σὲ
1407 1550 1567 1600 φαῦλον

189 1613 326 1667 οὐδέν,
358 1613 466 1668 πλὴν
499 1614 536 1655 εἰ
567 1615 759 1657 τοσοῦτόν
783 1626 826 1656 σε
859 1613 1047 1668 ἠδίκουν,
1082 1613 1141 1655 ὅτι
1176 1613 1328 1667 μέλλων
1360 1613 1565 1655 δεικνύναι

189 1679 311 1735 λόγον
328 1679 588 1735 ἕπεισήνεγκα
600 1680 644 1723 τὸ
664 1680 737 1722 σὸν
756 1679 884 1734 ὄνομα
903 1680 980 1722 σὺν
1000 1679 1192 1737 εὐφημίᾳ.
1218 1680 1282 1721 καὶ
1305 1679 1387 1733 μὴν
1405 1678 1566 1721 κάκεῖνο

189 1750 406 1797 φιλοῦντος
442 1751 645 1802 καθαρῶς.
697 1750 736 1788 3.
773 1746 926 1788 ἀπιστῶ
963 1750 1047 1796 τοῖς
1084 1745 1358 1802 ἀγγέλλουσιν,
1396 1745 1450 1795 ὡς
1487 1744 1565 1802 ἄρα
1586 1760 1620 1787 ιο

264 1854 287 1886 8
322 1852 370 1887 Vl
385 1851 431 1897 γ’,
446 1851 491 1896 ρ’.
524 1851 580 1888 Va
595 1851 638 1896 ε’,
650 1851 715 1895 κζ.
749 1853 802 1890 Vo
821 1850 863 1898 ε’,
877 1850 942 1895 κζ’.
969 1850 1063 1897 δ’δ’,
1083 1850 1132 1887 α’.
1166 1851 1213 1887 Vi
1231 1850 1335 1898 [νβ’]
1378 1851 1477 1887 Vind
1494 1850 1565 1887 πῖθ’

264 1975 286 2007 2
312 1972 360 2008 ef.
383 1982 442 2018 ep.
462 1974 543 2007 393.
571 1971 692 2008 Seeck
717 1975 787 2008 222
873 1975 895 2008 9
923 1971 1072 2009 Sievers
1093 1975 1137 2008 67
1157 1973 1236 2008 not.
1258 1974 1316 2007 2⁵1.
1343 1969 1463 2007 Seeck
1484 1974 1564 2006 100.

193 2022 264 2056 320
352 2022 396 2055 16
424 2019 624 2056 Salzmann
651 2023 696 2056 92

269 2134 285 2163 1
313 2128 607 2174 ἀποκεκλήμεθα
634 2129 669 2166 V
690 2128 758 2165 sed
782 2142 807 2174 η
832 2127 873 2164 in
899 2142 933 2165 u
957 2138 1042 2165 corr
1070 2127 1129 2163 m'
1160 2129 1199 2164 ef.
1230 2138 1251 2163 σ
1280 2128 1369 2173 post
1400 2139 1433 2163 ει
1463 2126 1565 2162 inser

190 2175 250 2212 ιιι·
323 2180 346 2211 4
371 2175 621 2222 ἐπιδακρῦσαι
646 2177 704 2214 Va
724 2176 832 2213 Wolf
851 2177 1012 2213 fortasse
1035 2178 1140 2213 recte
1166 2178 1207 2211 at
1232 2175 1279 2211 ef.
1300 2178 1325 2211 t.
1346 2175 1378 2210 11
1398 2179 1481 2219 355,
1498 2174 1562 2230 1⁷]

193 2221 296 2265 εἶδος
326 2224 460 2271 scripsi
486 2235 508 2260 e
535 2225 571 2262 V
608 2223 712 2272 ἴχνος
739 2225 791 2262 Va
801 2225 943 2263 VoSVi
974 2224 1083 2261 Wolf
1171 2228 1192 2257 6
1219 2222 1390 2268 ἀρκέσεις
1413 2234 1566 2267 reposm

193 2282 215 2309 e
238 2271 349 2308 libri·
374 2284 460 2308 cum
485 2272 734 2310 Boissonadio
759 2274 900 2310 Aneod.
920 2272 970 2308 lv
990 2276 1061 2308 298
1099 2272 1263 2318 ἀρκέσῃς
1281 2271 1390 2307 Wolf
1449 2275 1468 2307 Ἰ
1497 2276 1564 2307 σοῦ

193 2320 260 2356 καὶ
283 2320 399 2357 τᾶλλα
424 2320 580 2368 μάταια]
607 2335 648 2369 γε
681 2321 730 2357 τὰ
762 2321 856 2357 ἄλλα
881 2321 1038 2358 VVaVo
1070 2321 1136 2357 sed
1168 2319 1310 2367 μάταια
1342 2319 1418 2355 add
1445 2318 1502 2356 V⁴
1527 2320 1566 2355 et

193 2370 284 2405 ante
306 2368 354 2405 τὰ
372 2369 475 2405 inser
501 2369 572 2406 Vo*
645 2373 666 2405 9
692 2375 743 2406 τῶ
775 2370 877 2416 αὐτῷ
911 2369 950 2415 (i.
971 2380 1002 2406 e.
1024 2368 1256 2417 Καλλιοπίῳ)
1283 2368 1313 2405 S
1328 2368 1374 2405 Vi
1449 2371 1492 2402 11
1520 2364 1562 2402 δ’

202 2417 249 2454 Vi
311 2420 355 2453 13
381 2422 452 2454 νῦν
471 2428 532 2454 om
560 2418 609 2455 Vi
670 2420 714 2454 16
740 2412 789 2462 ἦν
814 2418 872 2454 Va
892 2419 899 2463 1
921 2418 1021 2463 ἐρεῖν
1047 2417 1095 2454 Ϋι
1161 2420 1205 2452 18
1230 2414 1411 2453 τοσοῦτόν
1430 2414 1565 2461 scripsi

194 2475 216 2501 e
243 2465 299 2502 Va
309 2465 449 2503 VoSVi
484 2471 595 2502 τοῦτο
623 2466 763 2502 VVimi
794 2465 903 2502 Wolf
989 2469 1034 2501 19
1060 2463 1307 2511 ἐπεισήνεγκα
1332 2463 1467 2509 scripsi
1493 2474 1514 2499 e
1538 2464 1569 2500 V

201 2513 319 2550 VaVo
355 2512 600 2560 ἐπεισέφερον
626 2514 780 2552 ViVind
805 2512 914 2550 Wolf
948 2512 1070 2550 ἔπεισε
1097 2512 1228 2559 φέρειν
1253 2512 1283 2549 S
1358 2514 1405 2548 20
1431 2509 1495 2556 ἄρ’
1520 2511 1567 2546 Ῐί·
