1806 2964
652 211 922 248 EPISTULAE
950 215 1093 247 45-47
1213 196 1216 199 ’
1510 211 1569 253 45

183 340 288 381 σχων
314 325 384 383 ε’ρᾷ
411 333 559 376 κακῶν,
589 333 662 367 νῦν
690 329 840 379 μᾶλλον
870 323 1047 380 ἡγοῦμαι
1079 326 1257 379 δυσμενῆ
1292 326 1358 366 σοί
1386 341 1425 366 τε
1457 341 1569 380 περι-

185 393 348 434 ιστάντα
373 392 527 440 πόνους
553 390 659 445 ἡμᾶς
683 407 723 433 τε
751 392 945 433 τοσούτου
971 393 1117 448 χρόνου
1150 391 1320 446 ἡδίστην
1346 393 1569 433 συνουσίαν

185 458 464 516 ἀφῃρημένον.
498 462 536 500 4.
557 457 654 499 ἀλλὰ
681 459 731 499 σύ
751 473 794 512 γε
819 458 886 499 καὶ
915 457 1031 500 ἀπὼν
1064 456 1126 509 οἷς
1153 460 1275 508 δίδως
1306 459 1477 508 ἐλπίζειν
1502 459 1563 500 εὐ-

189 527 373 580 φραίνεις
397 528 538 576 ψιλαῖς
569 529 840 579 παρασκευαῖς
873 525 942 566 τὸν
973 526 1165 580 πολέμιον
1197 525 1395 580 ἐκφοβῶν.
1433 527 1504 567 καί
1526 540 1567 567 σε

184 594 220 633 εἰ
242 591 310 633 καὶ
335 592 596 647 βραδύτερον,
621 591 720 632 ἀλλὰ
746 592 983 647 σεμνότερον
1010 592 1164 647 ὄψομαι
1187 600 1267 634 τῶν
1293 594 1455 648 δρόμων
1474 609 1566 635 του·
1605 612 1622 638 5

183 659 279 700 τωνὶ
303 665 385 700 τῶν
410 661 568 699 πολλῶν
588 658 740 711 μισθὸν
759 659 1022 712 κομιζόμενον
1042 659 1255 711 εὐφημίας.
1285 660 1370 701 τότε
1390 660 1456 713 δή,
1482 660 1566 701 τότε

186 733 264 766 τῶν
290 732 369 766 νῦν
395 723 534 778 ἀηδῶν
562 724 745 782 μεμνήσῃ
773 721 866 778 μεθ’
890 724 1056 778 ἡδονῆς.

835 906 906 960 μζ.
1518 919 1567 953 W
1594 923 1639 954 45

618 1003 654 1038 Δ
666 1015 687 1051 η
697 1016 722 1051 μ
732 1016 757 1051 η
767 1015 785 1039 τ
793 1015 815 1052 ρ
825 1000 890 1056 ίῳ.
924 998 1119 1054 (358s359)

247 1100 280 1136 1.
297 1092 422 1137 ‘'Otav
449 1095 593 1151 ἐχθρὸς
620 1096 677 1136 ὥν
702 1113 761 1145 τις
787 1103 910 1137 ταῦτα
936 1097 1025 1151 περὶ
1051 1096 1167 1150 ἡμῶν
1199 1100 1448 1151 ψηφίζηται,
1482 1103 1565 1140 τότε
1587 1109 1621 1134 1⁰

181 1164 338 1212 αξιώσω
365 1162 463 1217 μέγα
489 1167 658 1217 φρονεῖν
684 1162 740 1211 ὡς
764 1161 815 1203 ἂν
841 1163 908 1204 καὶ
934 1170 1006 1204 τοῦ
1032 1171 1247 1217 μισοῦντος
1272 1172 1318 1222 τῇ
1344 1166 1458 1221 ῥώμῃ
1487 1174 1565 1206 τῶν

183 1230 313 1284 λόγων
338 1230 606 1284 κεκρατηκώς,
631 1229 714 1271 ε’πεὶ
735 1228 803 1270 καὶ
829 1230 1105 1283 Δημοσθένην
1125 1229 1204 1283 ὁρῶ
1236 1231 1285 1273 τὰ
1307 1229 1448 1286 ἄριστα
1468 1247 1564 1284 προ·

183 1295 344 1337 ελέσθαι
371 1297 583 1337 δεικνύντα
609 1298 662 1352 τῷ
695 1295 797 1350 μηδὲ
828 1296 923 1346 τοὺς
948 1296 1121 1351 ἐχθροὺς
1152 1296 1179 1337 ἃ
1210 1299 1411 1351 προείλετο
1443 1311 1563 1339 συκο-

185 1367 364 1413 φαντεῖν,
391 1364 510 1415 φίλος
535 1362 577 1403 δὲ
604 1364 724 1414 φίλον
750 1363 928 1404 ἐπαινῶν
945 1360 1193 1417 Ἀστυδάμας
1215 1363 1321 1405 ἐστὶν
1346 1365 1470 1406 αὑτὸν
1495 1365 1563 1407 ἐπ-

185 1437 323 1470 αινῶν.
371 1433 410 1470 2.
436 1428 510 1484 ἐγὼ
538 1428 580 1470 δὲ
606 1434 843 1482 μνησθῆναι
869 1428 942 1483 μὲν
974 1429 1108 1471 αὐτῶν
1140 1426 1201 1479 οἷς
1227 1430 1464 1480 ἐπέσταλκας
1490 1432 1564 1472 οὐκ
1589 1441 1619 1467 ¹5

252 1588 273 1619 8
309 1584 377 1623 VH
401 1583 441 1628 ε’,
472 1583 566 1628 ρνς’.
602 1584 653 1620 Vo
680 1583 730 1626 α’,
757 1583 826 1631 λβ’.
853 1584 880 1619 S
905 1584 953 1624 α’,
981 1584 1064 1620 πῖθ’,
1100 1586 1147 1620 Vi
1172 1585 1254 1628 σλζ.
1283 1597 1327 1630 pr

251 1732 272 1763 9
299 1728 423 1765 Seeck
451 1733 530 1765 117.
558 1734 639 1765 355.
679 1729 848 1766 Silomon
882 1734 939 1766 24.
973 1730 1019 1766 cf.
1042 1742 1099 1776 ep.
1122 1733 1167 1765 36
1288 1734 1330 1766 12
1359 1731 1462 1766 Dem.
1485 1743 1558 1767 cor.

182 1781 202 1821 ἕ
225 1781 292 1812 192
307 1789 362 1823 sq.
466 1781 510 1813 14
537 1777 584 1813 cf.
606 1790 665 1824 ep.
687 1782 768 1815 314.
795 1778 864 1814 Iul.
886 1789 943 1824 ep.
969 1782 1011 1813 12
1038 1791 1073 1824 p.
1097 1782 1164 1814 381
1181 1778 1224 1813 D.
1266 1779 1401 1815 Zenob.
1424 1779 1455 1813 V
1480 1783 1559 1815 100.

181 1825 386 1862 Salzmann
412 1829 456 1861 31

254 1950 272 1981 1
299 1946 530 1991 περιστάντα
567 1948 611 1984 Vi
637 1947 746 1984 Wolf
817 1953 837 1984 2
864 1938 1048 1985 τοσούτου
1073 1948 1102 1985 S
1125 1954 1308 1985 τοσοῦτον
1326 1947 1466 1996 χρόνον
1497 1951 1557 1998 Vi!

180 1992 388 2031 συνουσίαν
421 1995 669 2042 ἀφῃρημένον
701 1997 838 2043 scripsi
871 2009 891 2032 e
926 1997 995 2034 VS
1008 1997 1102 2034 ViD
1146 1996 1392 2044 ἀφῃρημένον
1426 2010 1561 2034 συνου-

179 2041 265 2079 σίαν
298 2043 351 2079 Vo
366 2043 467 2080 Vina
491 2044 567 2080 edd
624 2049 645 2081 3
671 2043 796 2087 δίδοις
821 2045 896 2081 edd
925 2050 1016 2090 „aut
1039 2045 1229 2092 leyendum
1270 2048 1393 2087 διδοῖς
1418 2052 1487 2083 aut
1505 2047 1561 2084 δι’·

178 2092 273 2133 δως“
285 2091 340 2126 Re
399 2095 421 2127 4
442 2091 559 2128 καί-
570 2097 591 2128 5
603 2092 749 2140 ὄψομαι
761 2094 982 2140 praemissis
996 2093 1121 2130 verbis
1135 2092 1283 2130 ἐκείνου
1297 2095 1560 2141 (βραδύτερον)

179 2137 221 2175 δὲ
248 2138 391 2185 μάρτυς
422 2140 605 2189 Λιβάνιος
636 2142 678 2178 ἐν
711 2142 884 2189 ἐπιστολῇ
916 2141 1050 2178 laudat
1083 2141 1217 2178 Thom.
1243 2141 1293 2178 M.
1316 2154 1346 2179 a.
1366 2155 1397 2178 ν.
1419 2144 1560 2190 βραδύ-

180 2201 288 2233 τερον
313 2199 349 2233 p.
371 2191 429 2233 54,
446 2192 490 2225 10
518 2190 549 2225 R
617 2194 638 2225 5
659 2191 726 2227 καὶ
745 2191 836 2226 ante
858 2190 1080 2236 σεμνότερον
1114 2191 1161 2227 Vs·
1184 2190 1306 2226 Thom
1392 2195 1414 2226 6
1442 2193 1559 2238 εὐφη-

179 2234 271 2281 μίαν
297 2236 327 2273 S
345 2238 351 2282 Ι
373 2234 456 2273 τότε
476 2239 527 2284 (2)
547 2249 609 2274 om
630 2238 739 2276 Wolf
792 2250 811 2274 e
832 2238 906 2275 Par
926 2242 1020 2274 3035
1047 2240 1149 2275 inser
1174 2239 1259 2276 coni
1285 2239 1560 2276 Boissonadiua

181 2284 273 2320 Aen.
295 2284 384 2321 Gaz.
406 2288 476 2321 339
509 2286 556 2322 cf.
576 2286 656 2322 t.11
683 2291 741 2325 32.
763 2291 802 2330 ὃς
830 2291 948 2332 257,9
1056 2291 1075 2323 7
1102 2293 1176 2324 τῶν
1209 2293 1282 2324 νῦν
1322 2289 1357 2324 V
1384 2289 1451 2324 sed
1483 2303 1559 2325 των

180 2346 250 2368 νυν
274 2333 314 2368 in
340 2344 401 2369 ras
427 2333 485 2369 m'
562 2338 605 2370 10
637 2334 693 2377 τίς
728 2337 760 2371 V
839 2341 884 2371 13
910 2336 960 2382 μὴ
993 2334 1034 2372 δὲ
1070 2337 1117 2372 Vi
1199 2340 1241 2372 14
1269 2336 1386 2372 αὑτὸν
1414 2338 1466 2374 Vo
1492 2338 1558 2373 sed

173 2379 183 2391 ‘
209 2379 254 2417 e’
285 2392 367 2417 corr
391 2381 449 2416 m’
486 2383 605 2419 αὐτὸν
643 2385 684 2420 Va·
709 2396 755 2429 pr

252 2505 295 2536 14
322 2501 548 2549 Ἀστυδάμας
574 2503 692 2540 αὑτὸν
719 2506 887 2541 ἐπαινῶν
914 2506 953 2540 in
981 2516 1090 2551 marg
1126 2506 1194 2541 Vo'
