1806 2964
632 221 901 259 EPISTULAE
928 225 1121 258 438—440
1223 206 1225 208 ¹
1462 222 1551 266 433

809 332 916 376 vzo'.
1453 341 1503 378 w
1529 345 1623 378 1243

659 417 908 475 Ὀλυμπίῳ.
960 430 1066 473 (355)

241 507 279 546 1.
303 504 541 559 Κεχήναιιεν
565 504 865 559 προσδοκῶντες
890 503 940 545 οὐ
965 504 1036 546 τὸν
1061 504 1277 558 Αἰσχύλον,
1302 503 1399 545 ἀλλὰ
1424 505 1550 559 γράμ-

179 586 283 624 ματα
302 569 350 612 τὰ
375 571 425 611 σά
449 585 489 611 τε
513 569 582 612 καὶ
606 576 777 624 χρηστοῦ
802 569 1007 624 βασιλέως,
1031 570 1078 611 τὰ
1104 568 1177 623 μὲν
1201 570 1348 623 ἄφεσιν
1373 570 1551 620 διδόντα,

177 636 225 678 τὰ
250 636 301 678 σὰ
326 635 369 678 δὲ
395 636 454 678 ὅτι
479 643 553 678 σοῦ
577 643 700 677 ταῦτα
724 642 948 686 πονοῦντος
973 636 1101 689 ἐδόθη
1127 637 1338 690 δηλοῦντα.
1392 639 1429 678 2.
1462 637 1551 677 ’ίσθι
1588 651 1605 678 ⁶

177 701 222 744 δὲ
244 702 313 744 καὶ
337 701 527 758 δευτέραν
545 702 658 756 ἥκειν
677 702 834 744 ἐκεῖθεν
853 701 1064 756 ἐπιστολὴν
1082 702 1206 744 ταύτὰ
1225 701 1298 756 μὲν
1323 702 1550 744 ἐπιτάττου-

177 781 267 823 σαν,
291 773 440 822 μαθεῖν
472 767 515 810 δὲ
546 768 597 811 οὗ
627 767 880 824 παρέχουσαν
911 764 1009 809 οὔθ’
1039 766 1093 818 ὡς
1124 768 1295 824 νεωτέρα
1319 775 1390 810 τοῦ
1415 770 1549 822 ψηφί-

177 847 325 888 σματος
344 830 442 876 οὔθ’
458 833 512 884 ὡς
530 833 702 890 προτέρα
720 833 886 889 γένοιτο.
915 837 953 876 3.
973 833 1070 875 ἀλλὰ
1091 833 1154 876 σοὶ
1174 834 1241 875 καὶ
1259 835 1406 884 ταύτας
1425 847 1542 890 προσ-

176 902 265 955 ήκει
298 901 369 951 τὰς
399 900 577 956 ἀνάγκας
608 900 739 956 ὥσπερ
770 900 816 942 τὰ
849 902 1056 954 νοσήματα
1086 901 1207 942 λύειν.
1258 901 1329 950 τὰς
1363 900 1435 955 μὲν
1470 901 1547 956 γὰρ

177 967 388 1020 συνθήκας
418 966 494 1022 ἐγὼ
525 973 634 1023 τηρῶ
663 968 827 1008 πάντων
858 967 999 1016 αὑταῖς
1028 966 1417 1022 ἐπιστρατευσάντων
1441 966 1548 1020 πλὴν
1571 983 1603 1008 ιο

176 1033 309 1087 δυοῖν,
334 1033 544 1087 διαστῆναι
561 1032 637 1088 γὰρ
657 1031 683 1073 ἃ
704 1033 926 1088 συνήγαγες
945 1033 994 1074 οὐ
1019 1031 1153 1086 θέμις,
1178 1033 1229 1074 σὺ
1255 1030 1294 1074 δ’
1317 1033 1425 1083 ὅπως
1449 1032 1549 1087 ἡμῖν

177 1099 232 1153 μὴ
264 1099 442 1157 τηρήσῃς
472 1099 567 1149 τοὺς
598 1099 765 1154 φόρους.
815 1095 943 1148 ἆθλος
972 1098 1048 1154 γὰρ
1079 1099 1166 1152 ἐμοὶ
1198 1098 1272 1153 μὲν
1303 1099 1399 1141 ἔστω
1431 1107 1547 1142 τοῦτο

177 1166 374 1220 φυλάξαι,
405 1165 468 1207 σοὶ
500 1164 543 1207 δὲ
575 1164 704 1206 ἐκεῖνο
730 1171 904 1218 κινῆσαι.
955 1168 994 1205 4.
1019 1165 1090 1207 τὸν
1116 1162 1154 1206 δ’
1183 1164 1445 1220 ἀγωνοθέτην
1469 1173 1549 1207 τῶν

172 1227 400 1285 Ὀλυμπίων
433 1233 641 1286 γινώσκεις
673 1232 821 1286 μεγάλα
856 1231 933 1273 οὐκ
963 1231 1006 1273 ἐκ
1038 1238 1191 1286 μικρῶν
1223 1228 1312 1273 οἷον
1344 1231 1441 1273 ὄντα
1470 1235 1547 1274 λει-

176 1302 373 1352 τουργεῖν,
398 1298 602 1352 συμμαχία
634 1296 677 1339 δὲ
702 1297 746 1339 ἐν
771 1302 853 1348 τοῖς
878 1298 1075 1346 τοιούτοις
1101 1298 1326 1353 φιλόδωρος
1351 1298 1545 1351 βασιλεύς.
1569 1315 1601 1340 15

176 1363 239 1417 ὅν,
263 1364 363 1418 πρὸς
387 1370 459 1405 τοῦ
484 1365 602 1417 Διός,
635 1364 767 1413 δεῖξον
791 1370 974 1405 τοιοῦτον
1000 1363 1219 1418 ἐξορμήσας
1245 1363 1318 1416 τὴν
1343 1367 1547 1405 Δατιανοῦ

175 1429 316 1485 ψυχὴν
334 1430 391 1479 εἰς
409 1429 657 1485 ἐπικουρίαν.
691 1429 852 1485 ἀγαθὴ
881 1428 929 1471 δὲ
947 1431 1249 1483 παραίφασίς
1274 1429 1404 1471 ἐστιν
1423 1430 1546 1471 ἑταί-

176 1512 273 1550 ρον.

822 1555 901 1610 υμ’.
1452 1565 1501 1600 W
1524 1569 1615 1601 1187

647 1642 914 1698 Παλλαδίῳ.
967 1652 1073 1694 (355)
1566 1658 1601 1684 ὀ

240 1730 277 1766 1.
307 1729 396 1766 Τῶν
420 1725 578 1767 ἐκεῖθεν
597 1724 795 1767 ἀνιόντων
814 1724 979 1766 ἕκαστον
1003 1725 1223 1780 ἐρωτῶμεν,
1249 1726 1357 1774 ὅπως
1381 1725 1458 1780 ἔχει
1483 1738 1546 1767 σοι

175 1792 219 1833 τὸ
239 1798 364 1844 σῶμα.
402 1791 493 1845 περὶ
510 1792 585 1846 γάρ
606 1807 666 1833 τοι
690 1798 760 1845 τῆς
781 1798 917 1846 ψυχῆς
943 1792 1019 1833 οὐκ
1037 1791 1090 1832 ἂν
1115 1790 1306 1845 ἐροίμεθα
1330 1791 1368 1833 εἰ
1383 1792 1545 1846 χρηστή.

247 1908 265 1937 1
302 1901 404 1948 V1y‘‚
415 1900 514 1947 (καθ’.
526 1901 631 1947 Ῡαέ,
643 1901 701 1942 νς’
761 1906 806 1938 19
825 1903 874 1938 Vt
884 1901 930 1948 γ’,
944 1902 1011 1947 ρι’.
1027 1903 1082 1939 Va
1093 1901 1135 1947 ε’,
1148 1900 1213 1945 νζ.
1228 1902 1256 1939 S
1268 1900 1402 1949 y‘‚q&'.
1413 1903 1459 1939 Vi
1476 1900 1544 1950 [ν’]

250 2008 271 2039 2
298 2004 416 2040 Seeck
442 2008 524 2040 222.
551 2007 620 2039 322
632 2015 685 2049 sq.
775 2008 795 2040 3
822 2004 938 2040 Arist.
958 2003 1053 2040 Aah.
1074 2007 1119 2039 10
1139 2003 1185 2040 cf.
1206 2015 1264 2050 ep.
1286 2007 1355 2039 527
1449 2008 1471 2040 4
1498 2004 1545 2040 cf.

178 2063 237 2098 ep.
257 2055 329 2088 438
405 2055 449 2088 10
487 2051 535 2089 cf.
555 2063 614 2098 ep.
636 2055 705 2088 555
794 2056 838 2088 13
865 2052 1012 2088 Sievers
1038 2055 1119 2088 207.
1147 2051 1267 2088 Seeck
1294 2055 1351 2087 76.
1379 2055 1448 2088 323

178 2103 223 2135 16
249 2099 369 2137 Seeck
389 2103 458 2135 116
485 2100 530 2136 cf.
551 2110 609 2147 ep.
633 2103 701 2136 123
772 2104 815 2136 1‘1
841 2100 884 2136 Il.
904 2102 923 2137 λ
951 2104 1020 2137 793
1102 2103 1148 2136 20
1169 2099 1215 2135 cf.
1235 2111 1294 2146 ep.
1316 2103 1397 2136 450.
1425 2099 1545 2137 Seeck

178 2151 260 2184 227.
281 2151 362 2184 322.
390 2148 537 2185 Sievere
565 2151 632 2184 191
660 2150 738 2185 not.
760 2153 804 2184 19
837 2158 1037 2195 perperam
1062 2148 1110 2184 de
1142 2159 1241 2184 anno
1262 2151 1332 2187 888
1363 2148 1546 2195 cogitavit

248 2261 271 2292 4
294 2257 394 2303 τὰ(1)
419 2268 479 2292 om
499 2257 554 2293 Va
574 2259 580 2303 Ι
601 2263 669 2294 τοῦ
689 2258 778 2293 ante
802 2262 963 2304 χρηστοῦ
988 2256 1098 2292 Wolf
1137 2256 1260 2292 delevi
1281 2258 1288 2302 1
1310 2255 1447 2302 ἄφεσιν
1475 2268 1544 2303 „m

175 2310 250 2340 τῶν
276 2303 419 2351 φόρων.
444 2305 491 2350 cf.
521 2306 591 2341 Vit.
606 2317 647 2352 p.
670 2308 731 2349 76,
745 2308 792 2342 31
802 2271 885 2351 πρε
904 2306 931 2341 t
953 2305 970 2340 I
991 2307 1234 2351 193,180q.“)
1264 2304 1319 2341 Re
1351 2306 1392 2340 ab
1417 2304 1464 2341 cf.
1485 2316 1546 2351 op.

177 2355 249 2388 438
342 2357 363 2388 6
389 2352 484 2389 καὶ
472 2353 616 2389 msorui
634 2364 655 2390 ο
681 2354 716 2389 V
755 2365 816 2390 om
838 2353 894 2389 Va
919 2352 1028 2389 Wolf
1045 2355 1050 2397 1
1072 2359 1191 2390 ταῦτα
1220 2354 1275 2389 Va
1350 2356 1394 2389 10
1414 2354 1547 2394 αὐταῖς

175 2400 327 2446 reposui
353 2411 374 2437 e
398 2401 507 2437 libris
531 2403 576 2437 ut
600 2401 686 2438 coni
711 2400 767 2437 Re
804 2402 934 2443 αὐτοῖς
959 2400 1068 2437 Wolf
1145 2405 1190 2436 14
1215 2401 1434 2448 γιγνώσκεις
1460 2402 1553 2486 Va}

174 2455 319 2494 μικρῶν
344 2449 478 2496 scripsi
503 2450 656 2486 auctore
681 2449 736 2485 Re
786 2449 956 2505 μεγάλων
981 2448 1071 2485 libri
1097 2448 1206 2484 Wolf
1289 2452 1332 2484 1⁷
1361 2448 1441 2495 ἑτέρ
1443 2462 1488 2486 ου

225 2500 269 2532 21
294 2499 439 2533 Τῶν-
453 2501 499 2534 22
531 2503 636 2544 σῶμα
667 2497 886 2544 praemissis
918 2497 1042 2533 verbis
1076 2495 1119 2534 τὸ
1152 2497 1264 2542 ἐκεῖ,
1298 2497 1447 2533 ἐκεῖσε
1480 2498 1545 2534 καὶ
