1806 2964
625 228 894 266 EPISTULAE
919 232 1112 266 ιιι-476
1223 198 1225 200 ¹
1464 229 1555 274 455

179 336 274 393 μεθ’
304 339 420 394 ἡμῶν
445 340 730 399 εὐωχουμένφ,
754 348 835 383 τῶν
861 340 903 384 δὲ
931 342 1007 383 σὺν
1031 346 1114 391 τοῖς
1140 342 1186 383 τὰ
1217 342 1400 383 πολιτικὰ
1431 342 1556 396 πράτ-

179 419 318 449 τουσιν
349 406 615 460 ἀπολαύοντι,
646 409 688 449 οἳ
718 407 769 460 δὴ
802 407 870 449 καὶ
893 407 969 461 τὴν
999 408 1200 450 ἐπάνοδον
1226 408 1334 466 αὐτῷ
1364 409 1555 459 πολλάκις

179 471 399 523 ἀνέκοψαν.
445 475 485 514 3.
508 480 713 528 προσῆκεν
738 468 814 515 οὖν
839 473 964 516 αὐτὸν
989 480 1068 516 τῶν
1094 474 1167 527 μὲν
1191 474 1460 529 ἐπαινεῖσθαι,
1485 475 1555 516 διὰ

180 537 224 580 δὲ
248 546 372 580 ταῦτα
402 539 457 593 μὴ
485 543 749 592 φθονεῖσθαι.
793 540 953 589 πάντως
977 539 1044 581 καὶ
1069 537 1164 596 παρ’
1192 540 1291 594 ὑμῖν
1316 541 1360 582 οἱ
1380 542 1554 596 πρεσβύ-

179 620 284 659 τεροι
308 603 379 655 τὰς
402 612 482 646 τῶν
508 606 644 647 ἵππων
671 604 837 659 ἁμίλλας
856 606 932 648 οὐκ
956 604 1232 659 ἀτιμάζουσιν·
1259 607 1364 648 οὕτω
1389 607 1465 662 γάρ
1485 622 1554 660 μοι
1591 621 1609 647 5

178 671 340 713 κάλλιον
365 672 490 713 εἰπεῖν
517 670 544 725 ἢ
570 672 668 713 ὅσον
692 670 851 721 ἔξεστιν.
896 674 935 712 4.
961 672 999 712 εἰ
1020 670 1094 725 μὲν
1119 667 1195 714 οὖν
1220 673 1349 722 οὕτως
1375 671 1397 714 ὅ
1421 673 1553 728 πατὴρ

177 737 253 791 ἔχει
282 738 447 793 γνώμης
479 737 533 787 ὡς
564 735 666 791 μηδὲ
689 738 741 779 ἲν
765 738 965 793 ἐγκαλεῖν,
990 739 1143 781 ἐπαίνει
1166 739 1241 792 τὴν
1266 740 1415 794 κρίσιν·
1448 739 1485 780 εἰ
1508 738 1552 781 δὲ

177 803 297 844 οἴεται
325 804 409 844 δεῖν
434 803 635 857 ἐπιτιμᾶν,
661 804 874 866 μετάβαλλε
899 805 974 859 τὴν
998 806 1176 860 γνώμην.

809 924 907 973 υος’.
1453 932 1504 968 w
1530 936 1624 968 1134

658 1010 904 1067 Θεμιστίφ.
958 1021 1064 1063 (356)
1571 1025 1607 1051 ιο

240 1096 276 1134 1.
299 1089 499 1148 Ὁμολογῶ
520 1093 575 1147 μὴ
595 1093 731 1135 πυκνὰ
750 1094 934 1148 γράφειν.
966 1093 992 1148 ἡ
1014 1093 1056 1136 δὲ
1076 1095 1183 1135 αἰτία
1201 1091 1297 1150 παρ’
1314 1094 1421 1148 ὑμῖν.
1454 1094 1552 1135 ὥστε

175 1158 243 1200 καὶ
268 1166 346 1201 νῦν
367 1159 427 1202 ὅτι
452 1159 632 1214 γέγραφα
657 1161 868 1213 θαυμάζω.
902 1162 942 1201 τί
958 1156 1034 1202 οὖν
1052 1160 1286 1210 ἀδικοῦντες
1304 1159 1554 1215 ἠναγκάσατε

176 1240 223 1278 με
249 1233 384 1280 σιγᾶνς
409 1225 463 1278 ἣν
487 1224 539 1267 ἂν
557 1224 768 1280 ἐπιστολὴν
787 1228 944 1281 λάβητε,
969 1231 1052 1276 τοῖς
1077 1226 1258 1268 ἐνταῦθα
1276 1227 1405 1276 εὐθὺς
1429 1227 1552 1281 ἔγνω-

176 1304 275 1332 σται.
325 1291 392 1333 καὶ
429 1292 689 1347 προδιδόντες
721 1293 790 1335 τὸν
825 1294 970 1334 Φίλιον
1000 1293 1044 1334 ἐν
1075 1297 1128 1350 τῷ
1156 1292 1263 1347 Καρὶ
1299 1293 1551 1334 κινδυνεύειν

175 1358 321 1399 οἴεσθε.
368 1361 405 1399 2.
433 1354 516 1399 εἷθ’
546 1357 659 1411 ’ὑμεῖς
686 1357 759 1410 μὲν
783 1356 845 1400 ἐπ’
875 1358 1025 1414 ἀγορᾶς
1051 1361 1228 1400 δείκνυτε
1255 1359 1302 1400 τὰ
1325 1360 1550 1415 γράμματα,
1570 1372 1605 1400 1⁸

175 1430 334 1478 πνεῦμα
355 1424 398 1466 δὲ
418 1423 574 1466 ἐκεῖθεν
594 1423 724 1479 ἀρθὲν
743 1424 811 1465 καὶ
830 1426 950 1481 δεῦρο
969 1425 1141 1479 ἐμπεσὸν
1160 1426 1316 1479 κύματα
1334 1424 1434 1479 ἡμῖν
1452 1425 1551 1480 ἐγεί-

176 1506 235 1541 ρει
260 1490 327 1532 καὶ
352 1495 464 1532 ποιεῖ
482 1497 606 1532 ταῦτα
631 1490 657 1530 ἃ
684 1491 945 1541 Μακεδόνιος
970 1492 1101 1544 εἰδώς,
1126 1492 1168 1532 εἴ
1185 1507 1245 1541 τις
1270 1492 1411 1547 ἔροιτο,
1437 1493 1550 1533 διδά-

176 1559 242 1607 ξει.
286 1560 324 1598 3.
351 1558 424 1611 τὴν
444 1556 517 1611 μὲν
543 1552 619 1599 οὖν
638 1557 797 1612 πληγὴν
822 1558 981 1612 ἐκείνην
1005 1558 1082 1599 οὐκ
1106 1557 1158 1599 ἂν
1184 1558 1338 1599 ἰάσαιτό
1363 1574 1437 1611 τις,
1463 1556 1550 1599 δέο-

175 1640 246 1676 μαι
270 1622 314 1665 δὲ
338 1623 458 1677 ὑμῶν»
480 1623 535 1677 μὴ
562 1628 802 1679 προσθεῖναι
828 1624 1028 1679 δευτέραν.
1068 1625 1164 1665 ὅταν
1189 1624 1233 1666 δέ
1258 1640 1327 1678 μοι
1350 1630 1551 1681 παραινῇς

176 1689 231 1742 μὴ
256 1693 310 1748 τῷ
333 1690 518 1743 πράττειν
537 1684 582 1731 εὖ
608 1696 687 1730 τῶν
708 1692 840 1743 φίλων
863 1690 1125 1744 ἀμνημονεῖν,
1150 1691 1271 1740 αὐτὸς
1292 1691 1550 1744 ἐπιλελῆσθαι
1569 1704 1606 1731 20

176 1756 305 1811 φαίνῃ
330 1762 410 1796 τῶν
436 1757 578 1808 φίλων.
630 1759 669 1796 4.
696 1755 763 1809 ἐμὲ
793 1756 869 1811 γὰρ
901 1757 961 1798 ὅτι
985 1758 1139 1797 τούτων
1165 1757 1216 1809 δὴ
1241 1763 1322 1797 τῶν
1346 1761 1430 1806 τοῖς
1453 1760 1550 1798 πολ-

248 1851 269 1883 9
303 1850 354 1884 V!
375 1849 422 1895 γ’,
450 1848 540 1893 ρξ;’.
574 1850 632 1885 Va
657 1847 700 1893 ε’,
727 1848 801 1896 qy'.
826 1848 944 1894 Sllg‘,
970 1848 1007 1886 ι’.
1040 1850 1141 1886 Vina
1174 1848 1271 1896 qu'.
1315 1849 1343 1884 F
1346 1848 1424 1884 abr.
1453 1849 1547 1884 Bibl.

173 1908 228 1943 gr.
247 1895 333 1932 VIII
352 1901 397 1932 51
418 1908 455 1933 ιι.
474 1896 543 1933 XII

251 1986 272 2017 6
298 1981 480 2017 Meterius
550 1985 594 2018 10
622 1981 768 2018 Sievers
783 1985 827 2018 92
839 1984 988 2018 not.39.
1015 1981 1134 2019 Seeck
1148 1985 1311 2018 ⁶295.326
1389 1986 1434 2017 14
1449 1982 1550 2018 Salz-

175 2040 291 2065 mann
316 2033 362 2064 42
433 2034 475 2065 17
503 2029 550 2065 cf.
571 2041 627 2076 ep
649 2033 720 2065 463

251 2122 268 2149 1
297 2116 392 2161 εὐωχ
395 2127 469 2161 ουμ
470 2114 542 2160 ένῳ
580 2114 714 2161 scripsi
752 2115 828 2151 coll
858 2115 956 2151 Plat.
986 2125 1063 2161 rep.
1089 2114 1107 2151 Ι
1131 2127 1167 2161 p.
1184 2117 1253 2150 852
1267 2114 1298 2150 B
1336 2114 1550 2162 εὐχομένων

174 2161 263 2198 libri
288 2128 398 2199 Wolf
421 2128 586 2209 „maliem
612 2162 702 2209 ἐχομ
703 2162 795 2212 ἔειφ’*
824 2163 879 2199 Re
953 2166 975 2198 4
1000 2164 1186 2209 punctum
1204 2162 1317 2209 posui
1341 2165 1430 2208 post
1442 2166 1550 2224 φθο-

174 2213 328 2246 νεῖσθαι
353 2221 440 2246 οιιιιι
467 2210 521 2247 Re
559 2210 669 2247 colon
695 2212 732 2247 V
764 2222 825 2248 om
851 2212 910 2248 Va
928 2210 1037 2247 Wolf
1054 2213 1061 2258 Ι
1083 2212 1268 2266 punctum
1288 2212 1375 2257 post
1397 2210 1551 2254 πάντως

182 2258 239 2294 Va
264 2257 373 2294 Wolf
403 2257 528 2295 delevi
579 2263 630 2315 11·
648 2258 672 2305 ἡ
699 2258 742 2296 δὲ
769 2257 872 2296 αἰτία
899 2257 990 2305 παρ’
1016 2259 1104 2305 ὑμῖν
1128 2258 1271 2295 inserui
1297 2269 1318 2294 e
1344 2259 1402 2295 Va
1439 2271 1501 2296 om
1519 2261 1554 2296 V

173 2305 310 2343 &Vina
340 2305 415 2342 edd
521 2310 565 2343 12
597 2306 752 2354 signum
782 2307 925 2344 interro
955 2307 1092 2344 ationis
1126 2308 1214 2362 post
1245 2303 1316 2343 οὖν
1346 2306 1457 2343 Wolf

176 2353 300 2390 delevi
321 2357 328 2400 Ι
350 2355 581 2397 ἀδικοῦντας
605 2355 635 2392 S
659 2357 666 2402 Ι
693 2318 954 2416 ἠναγκάσατέ
965 2368 1010 2402 με
1036 2354 1171 2402 scripsi
1197 2365 1217 2391 ο
1243 2354 1346 2391 Vina
1382 2354 1549 2402 ἠναγκά-

175 2412 263 2438 σατε
283 2403 379 2439 VVa
416 2402 654 2449 ἠναγκάσατε
673 2417 724 2450 μη
749 2403 780 2440 S
799 2403 874 2439 odd
902 2403 974 2463 ,μὴ
952 2408 1085 2450 arcete
1103 2403 1206 2440 abest
1223 2414 1248 2438 a
1267 2403 1345 2439 cod.
1373 2404 1455 2440 Vat.
1482 2409 1552 2441 aut

174 2451 316 2486 mutari
340 2451 442 2488 debet
466 2463 550 2488 cum
573 2453 640 2497 με’*
676 2451 730 2487 Re
806 2454 850 2487 18
883 2452 1032 2512 λάβοιτε
1057 2451 1200 2488 SVimz
1231 2450 1341 2486 Wolf
1413 2455 1457 2487 14
1481 2451 1549 2489 τὸν

174 2507 237 2533 om
256 2497 365 2534 Wolf
381 2500 388 2544 Ι
410 2498 523 2544 φίλον
542 2501 576 2536 V
581 2500 681 2536 Vina
701 2498 810 2536 Wolf
866 2503 911 2535 19
930 2498 970 2536 δ’
994 2499 1075 2546 ἐμοὶ
1096 2499 1194 2535 Fabr
1245 2503 1289 2535 21
1303 2503 1372 2536 τοῦ
1385 2497 1499 2545 φίλου
1518 2500 1555 2536 V
