1806 2964
278 229 367 273 396
864 230 1049 266 LIBANII

209 359 255 394 W
283 363 353 396 403
924 350 1000 394 υα’.

748 438 1015 493 Γυμνασίῳ.
1065 447 1173 491 (355)

343 524 382 561 1.
402 516 588 570 Ἐξουσία
607 534 670 563 σοι
689 517 783 573 παρ’
805 519 911 574 ἡμᾶς
931 519 1043 561 ἰέναι.
1075 520 1141 562 καὶ
1162 521 1236 563 οὐκ
1254 520 1569 575 ἀλαζονεύσομαί
1586 537 1646 577 γε,

281 585 340 626 ὅτι
359 593 482 628 ταῦτα
499 586 610 641 λέγω.
635 583 719 628 ἀλλ’
744 585 797 636 ὡς
815 585 961 639 ἤκουσε
980 586 1225 641 Στρατήγιος
1245 585 1266 627 ὁ
1285 587 1415 628 πάντα
1433 586 1642 640 ἐπαινέτην

246 667 261 693 5
282 650 406 693 αὑτοῦ
425 652 585 702 δεικνὺς
603 652 753 706 ἀληθῆ,
779 651 839 694 ὅτι
858 652 1087 705 Γυμνάσιος
1105 649 1204 708 ἐρῴη
1223 653 1393 707 Συρίας,
1418 652 1546 703 εὐθὺς
1570 651 1645 707 μὲν

281 716 477 772 ἐγκώμιον
507 717 722 769 κατέτεινε,
754 724 948 770 σοφιστοῦ
971 717 1115 771 πόνον,
1144 719 1272 767 οὕτως
1300 712 1354 771 ἦν
1378 719 1481 759 πολύ
1504 733 1545 760 τε
1574 718 1646 760 καὶ

281 783 417 833 καλόν,
451 781 550 836 ἡμῖν
578 782 621 824 δὲ
656 783 705 826 οὐ
741 783 887 825 δέδωκε
922 784 1145 824 σπουδάσαι
1178 784 1308 824 πάντα
1342 783 1470 833 εὐθὺς
1501 790 1643 826 ποιῶν.

284 852 322 889 2.
348 849 398 890 σὺ
424 845 462 890 δ’
490 849 623 899 ἔοικας
647 856 726 890 τῶν
758 848 830 902 μὲν
855 845 950 904 παρ’
977 847 1076 902 ἡμῖν
1109 849 1338 903 ἐπιθυμεῖν,
1373 849 1452 891 ’ὑπὸ
1487 847 1530 890 δὲ
1563 855 1646 891 τῶν

282 914 437 956 ἐκεῖθεν
462 913 705 969 κατέχεσθαι.

208 1029 258 1065 W
283 1033 353 1066 404
925 1020 1001 1076 νβ’.

229 1123 261 1148 11
766 1106 1011 1163 Θεμιστίῳ.
1064 1116 1168 1160 (355)

348 1194 384 1231 1.
414 1187 485 1231 Ἐν
510 1195 593 1239 τοῖς
627 1191 805 1239 πολίταις
839 1187 954 1242 ἡμῶν
989 1189 1053 1230 ἀεί
1076 1205 1113 1230 τι
1137 1188 1227 1243 περὶ
1251 1196 1326 1231 σοῦ
1351 1189 1513 1244 λέγομεν
1536 1189 1580 1230 τό
1606 1205 1645 1245 τε

286 1251 392 1309 ἦθος
418 1253 472 1304 ὡς
496 1255 666 1309 χρηστὸν
691 1255 948 1309 διηγούμενοι
973 1254 1040 1296 καὶ
1059 1256 1152 1304 τοὺς
1171 1255 1314 1310 λόγους
1334 1253 1387 1304 ὣς
1405 1255 1648 1308 θαυμαστοί,

285 1320 352 1361 καὶ
377 1322 435 1370 τίς
461 1319 534 1374 μὲν
558 1321 641 1374 εἴης
667 1322 812 1373 φίλους
837 1319 1108 1374 ἀμείψασθαι,
1133 1321 1191 1369 τίς
1222 1319 1265 1362 δὲ
1296 1320 1466 1375 ἐχθροὺς
1490 1319 1643 1374 ἀμυνα-

234 1403 268 1429 15
288 1391 400 1439 σθαι,
433 1386 502 1428 καὶ
536 1386 595 1428 ὅτι
628 1386 691 1428 σοὶ
725 1387 836 1438 φίλοι
870 1384 943 1439 μὲν
968 1388 1008 1427 οἳ
1029 1385 1096 1426 καὶ
1121 1391 1203 1435 τοῖς
1227 1390 1354 1438 θεοῖς,
1378 1385 1515 1440 ἐχθροὶ
1539 1383 1582 1427 δὲ
1607 1387 1651 1428 οἳ

284 1451 352 1493 καὶ
376 1456 458 1501 τοῖς
483 1456 607 1501 θεοῖς.
659 1455 696 1492 2.
722 1451 834 1493 ταυτὶ
859 1450 902 1492 δὲ
926 1451 1002 1493 οὐκ
1026 1451 1108 1492 ἔστι
1130 1450 1202 1504 μὲν
1227 1451 1288 1492 ὅτε
1314 1451 1389 1493 οὐκ
1413 1450 1649 1503 ἐπιστεύετο,

289 1519 525 1571 Φιλομήτωρ
560 1517 604 1559 δὲ
638 1518 749 1571 ἥκων
782 1516 849 1558 καὶ
881 1524 1044 1558 τοιαῦτα
1078 1516 1289 1570 ἐπέθηκεν,
1323 1517 1420 1558 ὥστε
1455 1517 1575 1571 μικρά
1599 1532 1645 1569 με

286 1583 448 1638 λέγοντα
473 1582 690 1637 ἀπέφηνεν.
725 1582 800 1638 ἐγὼ
825 1582 868 1624 δὲ
893 1582 1050 1637 ἔχαιρον
1067 1581 1304 1636 ἡττώμενος·
1330 1581 1430 1637 ’ὑπὲρ
1449 1581 1552 1636 ἐμοῦ·
1571 1582 1647 1637 γὰρ

287 1648 308 1690 ὁ
346 1656 471 1691 νικῶν
507 1649 629 1691 ε’νίκα.
682 1652 720 1690 3.
755 1649 798 1690 τὸ
831 1647 903 1701 μὲν
937 1643 1012 1689 οὖν
1042 1655 1199 1703 πρῶτον
1234 1646 1330 1701 ἡμῖν
1360 1647 1487 1689 ἐδόκει
1516 1648 1648 1689 πάντα

232 1731 267 1759 20
286 1715 491 1769 πράττειν,
525 1714 633 1764 ὅπως
666 1713 718 1755 ἂν
749 1714 901 1762 ἔλθοις·
934 1709 1064 1755 ἔπειθ’
1099 1713 1253 1763 ἑκόντες
1286 1713 1542 1767 ἕπανήκαμεν
1575 1719 1648 1766 τῆς

286 1781 481 1834 σπουδῆς,
500 1784 750 1829 τελευτῶντες
769 1779 812 1821 δὲ
835 1780 935 1834 πρὸς
954 1780 1190 1821 τούναντίον
1208 1778 1396 1834 χρώμεθα
1413 1785 1462 1835 τῇ
1488 1778 1645 1835 σπουδῇ

360 1912 378 1943 1
413 1908 464 1944 V!
485 1907 531 1954 γ’,
558 1907 634 1947 (ια’.
673 1909 729 1944 Va
754 1907 796 1951 ε’,
823 1907 884 1954 ιη’.
924 1907 976 1943 Vo
1001 1905 1041 1951 ε’,
1068 1906 1119 1952 ιη’
1196 1909 1241 1942 10
1275 1907 1324 1942 V!
1346 1905 1391 1952 γ’,
1418 1905 1490 1954 ᾳβῖ
1526 1906 1580 1942 Va
1605 1905 1647 1948 ε’,

288 1954 355 1992 ιθῖ
390 1956 442 1992 Vo
467 1955 509 2001 ε’,
535 1955 601 1992 ιθ’.
627 1955 658 1992 S
681 1955 722 2001 ε’,
747 1954 812 2002 μα’

360 2078 382 2111 2
409 2075 554 2111 Sievere
581 2078 626 2110 75
658 2076 733 2113 not.
756 2077 812 2111 80.
850 2074 967 2111 Seeck
988 2078 1068 2111 166.
1094 2076 1176 2110 320.
1211 2073 1314 2110 Suid.
1334 2085 1362 2109 s.
1382 2084 1415 2109 v.
1434 2070 1651 2119 Γυμνάσιος

336 2127 358 2158 4
384 2122 502 2159 Seeck
526 2126 598 2160 288
672 2127 715 2159 11
744 2122 861 2159 Seeck
887 2125 967 2159 295.
995 2125 1065 2158 820
1139 2124 1185 2158 20
1211 2121 1257 2158 cf.
1278 2123 1303 2157 t.
1324 2120 1376 2156 VI
1397 2123 1478 2165 173,
1494 2122 1538 2155 10

362 2247 383 2279 5
409 2243 527 2279 αὐτοῦ
551 2242 641 2278 libri
664 2240 774 2278 Wolf
842 2245 863 2278 6
890 2255 1007 2284 ουτως
1014 2241 1167 2296 scripsi
1192 2251 1213 2277 e
1233 2241 1269 2278 V
1300 2236 1345 2276 οὗ
1372 2240 1429 2276 Va
1437 2239 1490 2276 Vo
1513 2237 1620 2274 Wolf

291 2295 335 2327 14
361 2289 495 2337 φίλους
518 2290 668 2336 reposui
694 2300 714 2326 e
739 2288 847 2325 libris
872 2290 917 2325 ut,
941 2288 1026 2326 coni
1049 2289 1105 2325 Re
1148 2287 1273 2335 φίλοις
1303 2286 1411 2324 Wolf
1480 2290 1524 2322 15
1545 2287 1584 2322 et
1603 2288 1649 2320 16

289 2342 339 2375 τῶ
359 2342 440 2375 θεῶ
465 2338 496 2375 S
567 2342 610 2374 16
637 2339 737 2375 ἔστιν
763 2338 818 2374 Va
851 2339 858 2383 Ι
887 2335 957 2383 μὲν
981 2348 1043 2373 om
1069 2337 1106 2374 V
1168 2340 1212 2372 17
1239 2335 1281 2372 δὲ
1307 2346 1367 2372 om
1395 2334 1451 2390 Va
1494 2331 1534 2370 δ’
1563 2332 1653 2370 Vos

290 2376 420 2433 Wolf!
454 2386 520 2422 καὶ
545 2385 747 2422 delendum
773 2385 921 2421 censuit
938 2384 994 2421 Re
1033 2386 1039 2431 Ι
1077 2384 1266 2430 ἐπέθηκεν
1291 2382 1425 2428 scripsi
1445 2393 1465 2417 ο
1490 2381 1526 2417 V
1559 2380 1647 2417 ἀπέ-

345 2447 411 2471 νεν
415 2390 589 2470 ΙΥαῨοΒ
611 2433 719 2470 Wolf
759 2433 766 2480 Ι
811 2432 926 2479 μικρά
955 2445 1000 2478 με
1026 2431 1159 2478 scripsi
1177 2442 1198 2467 e
1224 2431 1260 2468 V
1291 2443 1335 2477 με
1359 2429 1474 2477 μικρὰ
1499 2428 1652 2465 VaVoS

290 2447 362 2519 We
364 2482 399 2518 lf
468 2485 514 2518 18
542 2482 707 2527 „mallem
731 2479 964 2526 πεφηνέναι“
992 2479 1047 2516 Re

1783 2881 1806 2964 '‘q-“ffin*
1787 2861 1791 2869 ⁴
1787 2810 1797 2835 -φ,
