1806 2964
281 220 337 263 58
869 215 1052 252 ΙιΙΒΔΝΙΙ

280 335 431 370 νασθαι
456 330 613 381 σώζειν,
644 333 696 384 τῷ
728 328 771 369 δὲ
802 334 873 369 τοῦ
904 330 1034 376 καλῶς
1065 327 1166 368 ἰδεῖν
1197 323 1290 379 μεθ’
1320 322 1370 368 οὗ
1398 329 1513 368 πλεῖν
1541 326 1639 377 ἔδεις

283 399 320 436 4.
352 395 418 436 καὶ
442 401 519 436 νῦν
549 395 688 447 πράξει
714 393 786 446 μὲν
810 388 926 442 οὗτος
952 391 974 433 ὁ
996 388 1198 444 Ἡρακλῆς
1227 389 1294 443 ἐφ’
1324 392 1348 432 ὅ
1374 407 1411 432 τι
1435 390 1487 432 ἂν
1517 391 1640 434 αὐτὸν

282 461 510 513 ε’πιστήσητε
534 461 665 512 πάσης
691 460 893 512 εὐφημίας
917 457 1051 509 ἀξίως,
1073 457 1263 498 κοινωνοὶ
1288 456 1330 498 δὲ
1349 463 1421 510 τῆς
1438 457 1641 510 εὐφημίας

283 527 303 566 ὅ
328 542 367 567 τε
393 526 490 574 δοὺς
514 525 588 578 τὴν
612 526 779 579 γνώμην
812 523 1059 577 Φλωρέντιος
1084 521 1105 564 ὁ
1138 523 1320 576 πράττειν
1345 521 1460 571 εἰδὼς
1492 526 1641 574 μᾶλλον

247 608 264 634 5
283 591 310 645 ἢ
335 595 466 632 λαλεῖν
502 591 524 632 ὅ
553 606 592 631 τε
623 589 802 638 πεισθεὶς
833 588 1017 643 βασιλεὺς
1048 587 1070 630 ὁ
1101 588 1175 640 τὴν
1206 587 1447 640 οἰκουμένην
1478 587 1639 642 ἀνέχων.

283 661 321 697 5.
346 656 582 709 κεκόσμηται
607 654 650 696 δὲ
675 655 742 696 καὶ
760 655 803 696 τὸ
828 654 968 696 κοινὸν
986 652 1096 707 ἡμῖν.
1128 653 1264 708 γέγονε
1284 653 1357 706 μὲν
1374 653 1449 708 γὰρ
1475 653 1640 707 ἑτέρωθι

282 722 538 777 Πρισκιανός,
564 717 617 761 δι’
646 719 668 762 ὃ
694 720 736 762 δὲ
761 720 1019 773 θαυμάζεται,
1043 725 1159 761 τοῦτο
1184 720 1291 776 αὐτῷ
1315 719 1422 774 παρὰ
1446 725 1517 772 τῆς
1544 719 1641 773 ἐμῆς

281 787 442 838 πόλεως,
467 786 493 839 ἣ
514 789 804 840 παραλαβοῦσα
828 785 952 828 αὐτὸν
977 785 1124 839 ἐρῶντα
1153 786 1281 839 λόγων
1300 784 1441 838 μεστὸν
1459 783 1640 838 ἀπέφηνε

287 853 423 907 λόγων.
462 848 519 901 εἷς
544 851 586 893 δὲ
610 851 709 905 ἡμῖν
733 851 901 904 εἱστήκει
925 850 1074 905 κρατὴρ
1099 850 1165 891 καὶ
1198 851 1470 904 συνεπίνομεν.
1512 853 1549 891 6.
1573 850 1640 892 καὶ

232 935 268 960 ιο
286 918 353 959 διὰ
377 924 492 959 τοῦτο
518 919 724 971 συνεύχπο
751 916 823 970 μὲν
848 912 965 965 οὗτος
989 915 1076 968 ε’μοὶ
1095 915 1282 973 χρωμένῳ
1301 917 1520 971 συλλόγοις,
1544 915 1639 968 ε’πή-

282 985 364 1024 δων
395 982 436 1023 δὲ
467 982 542 1038 ἐγὼ
573 983 687 1024 τοῦδε
726 988 967 1037 κρατοῦντος
997 981 1040 1022 ἐν
1080 983 1228 1036 δίκαις,
1265 980 1314 1031 ἃς
1351 982 1477 1030 οὕτως
1518 980 1641 1036 ὑγιῶς

283 1046 414 1106 μετῄει
439 1048 534 1089 ὥστε
559 1053 640 1097 τοῖς
665 1049 866 1096 δικασταῖς
890 1046 978 1088 ἀντὶ
1003 1054 1082 1088 τῶν
1101 1048 1340 1102 γραμμάτων
1358 1043 1460 1088 εἶναι
1484 1046 1532 1088 τὰ
1549 1047 1640 1088 τού-

282 1130 351 1155 του
383 1114 565 1166 νεύματα.
619 1117 656 1154 7.
688 1112 754 1154 καὶ
784 1113 828 1154 τὸ
859 1111 933 1165 μὲν
963 1111 1255 1166 ἀγωνιζόμενον
1295 1113 1389 1164 μετὰ
1426 1109 1642 1167 φροντίδος

282 1178 486 1233 ἀγορεύειν
512 1179 622 1220 οὔπω
655 1186 866 1228 τοσοῦτον,
890 1175 976 1219 ἀλλ’
1005 1173 1121 1227 οὗτός
1145 1193 1187 1232 γε
1213 1178 1257 1219 ἐν
1281 1177 1401 1218 παντὶ
1426 1181 1550 1235 καιρῷ
1574 1177 1661 1219 καὶ.

230 1261 265 1288 1⁶
283 1246 410 1302 χωρίῳ
436 1244 502 1286 καὶ
532 1244 621 1298 περὶ
655 1245 748 1286 ὅτου
780 1244 831 1297 δὴ
864 1244 1140 1299 φθεγγόμενος
1170 1243 1416 1296 ἐσκεμμένως
1447 1242 1498 1284 ἂν
1529 1243 1643 1292 δόξαι

284 1310 425 1365 λέγειν·
454 1311 578 1359 οὕτως
605 1310 678 1351 οὐκ
704 1310 807 1350 ἔστιν
833 1309 894 1351 ὅτε
921 1307 1070 1364 ἡγεῖται
1101 1309 1317 1364 προσήκειν
1348 1308 1541 1363 ἀμελῆσαι
1570 1310 1642 1363 ῥη-

285 1376 429 1427 μάτων.
462 1377 499 1415 8.
525 1375 597 1428 τὴν
623 1375 665 1416 δὲ
691 1382 769 1416 τῶν
794 1375 982 1429 ῥημάτων
1013 1375 1123 1428 ὥραν
1153 1374 1382 1429 παρέρχεται
1414 1381 1492 1415 τῶν
1522 1373 1642 1428 ἠθῶν

284 1441 325 1482 τὸ
350 1441 501 1490 κάλλος.
528 1448 604 1483 νῦν
629 1441 701 1494 μὲν
725 1441 799 1495 γὰρ
825 1441 882 1489 είς
906 1440 1050 1482 πολιὰν
1074 1441 1180 1493 ἣκει,
1206 1440 1302 1494 πρὶν
1332 1439 1375 1481 δὲ
1407 1441 1462 1489 εἰς
1492 1439 1643 1495 ἄνδρας

283 1506 457 1555 ἐξελθεῖν
481 1506 528 1547 τὰ
552 1508 748 1560 γερόντων
773 1506 927 1547 ἐδείκνυ
952 1514 1000 1563 τῇ
1025 1521 1064 1547 τε
1083 1504 1181 1563 ἄλλῃ
1200 1505 1267 1547 καὶ
1288 1505 1339 1559 δὴ
1364 1505 1433 1547 καὶ
1456 1506 1643 1560 γλώττης,

355 1660 376 1691 9
403 1656 450 1692 cf.
470 1656 519 1692 ad
545 1667 602 1702 ep.
627 1661 670 1692 18
696 1669 730 1702 p.
756 1661 810 1700 10,
834 1662 877 1692 14

356 1815 374 1845 1
403 1811 546 1854 σῶιζειν
580 1813 614 1847 V
683 1817 703 1846 3
730 1812 941 1857 ἐπιστήσετε
968 1814 1009 1849 D
1030 1815 1037 1859 Ι
1059 1812 1147 1855 ἄξια
1174 1814 1213 1848 D
1235 1814 1241 1857 Ι
1263 1818 1439 1849 κοινωνεῖ
1460 1812 1501 1848 D
1574 1815 1596 1846 4
1622 1810 1642 1847 ὃ

284 1859 466 1902 μεταδοὺς
490 1860 530 1895 D
616 1863 636 1895 6
663 1859 816 1905 γέγονεν
848 1861 884 1896 V
910 1862 916 1905 Ι
949 1859 1018 1907 μὲν
1042 1860 1144 1896 inser
1175 1859 1247 1897 Vo²
1270 1871 1330 1896 om
1355 1860 1509 1896 DVn'otd
1533 1871 1579 1906 pr

287 1908 305 1939 7
333 1905 393 1942 διὸ
426 1907 478 1942 Vo
503 1907 567 1942 sod
594 1907 633 1943 in
658 1906 711 1944 δι’
741 1906 761 1943 ὃ
786 1919 869 1943 corr
892 1907 960 1952 ιη’,
993 1908 1039 1943 Vi
1062 1920 1109 1954 pr
1129 1910 1135 1954 1
1156 1913 1267 1944 τοῦτο
1299 1908 1335 1944 V
1356 1907 1422 1943 sod
1447 1920 1467 1944 ο
1493 1909 1544 1954 (2)
1566 1906 1606 1942 in
1630 1904 1640 1917 '

285 1964 366 1988 corr
388 1953 446 1988 111⁴
468 1952 569 1990 τοῦτ’
599 1955 784 1992 SVindD
808 1955 941 2002 Wolt‘l
962 1955 1054 1992 αὐτὸ
1074 1956 1115 1992 D
1135 1958 1142 2002 Ι
1163 1957 1182 1992 ἐ
1209 1961 1253 2002 ῆς
1271 1966 1332 1991 om
1360 1955 1407 1991 Vi
1467 1959 1507 1990 11
1536 1952 1641 2000 δ’]ὶΙ

284 2006 350 2036 τοῦ
381 2001 423 2037 δὲ
455 2002 508 2038 Vo
532 2002 598 2038 sed
617 2002 625 2014 ¹
662 2014 761 2046 em,
788 2003 827 2038 D
857 2003 993 2040 τούτου
1019 2004 1055 2040 V
1095 2006 1100 2048 Ι
1213 2016 1264 2044 ως
1294 2013 1352 2038 om
1382 2003 1529 2039 VimdD

287 2047 330 2082 12
355 2048 439 2084 ἀντὶ
472 2050 507 2085 V
526 2050 591 2085 sed
617 2062 730 2097 supra
748 2064 769 2086 τ
786 2062 848 2086 ηε
873 2053 912 2087 et
931 2051 945 2086 ὶ
964 2062 1047 2087 corr
1064 2051 1121 2086 ω·
1141 2052 1147 2097 Ι
1167 2057 1242 2087 τῶν
1266 2061 1327 2086 om
1355 2051 1401 2086 Vi
1486 2053 1530 2086 13
1549 2062 1643 2086 num

285 2094 490 2177 ggovvffloec
514 2097 776 2136 scribendum?
851 2102 895 2135 15
920 2096 1096 2144 περιότου
1128 2099 1175 2135 Vi
1207 2101 1213 2145 Ι
1246 2097 1334 2135 ὅτου
1355 2097 1403 2144 δὴ
1429 2098 1481 2134 Vo
1507 2097 1572 2134 sed
1598 2109 1644 2134 ex

327 2155 372 2178 ου
398 2144 459 2179 δεῖ
481 2155 562 2180 corr
592 2145 649 2180 m⁸
693 2146 699 2192 Ι
745 2145 974 2192 ἐσκεμμένως
1006 2147 1040 2182 V
1067 2147 1133 2182 sed
1165 2160 1215 2187 ως
1246 2156 1291 2182 ex
1326 2158 1367 2187 ος
1398 2156 1480 2182 oon:
1505 2145 1559 2180 m⁴

288 2193 332 2224 18
356 2191 447 2234 πρὶν
466 2212 510 2217 -
532 2196 576 2227 19
602 2192 751 2229 ἐδείκνυ
776 2193 984 2239 respexisse
1009 2193 1159 2230 videtur
1191 2193 1411 2239 meonue
1437 2193 1484 2229 de
1509 2195 1644 2229 constr.

288 2236 384 2272 verb.
411 2238 469 2274 ed.
495 2238 684 2276 Hermann
705 2241 752 2277 de
772 2241 916 2277 emend.
936 2244 1004 2278 rat.
1024 2251 1182 2288 gramm.
1204 2253 1242 2287 p.
1262 2244 1377 2284 ³58‚8
1400 2239 1643 2287 παραγγέλλω

287 2285 339 2325 εἰς
363 2284 519 2330 ἄνδρας,
540 2287 591 2328 ὡς
615 2289 680 2324 καὶ
699 2288 896 2335 Λιβάνιος·
917 2289 998 2325 ἐπεὶ
1023 2289 1065 2325 δὲ
1091 2289 1145 2330 εἰς
1170 2288 1314 2334 ἄνδρας
1337 2287 1586 2378 παρήγγειλεὲἐ
1596 2287 1644 2323 τὰ

1588 2339 1644 2371 ελ-

284 2386 359 2414 τῶν
382 2379 568 2427 γερόντων
593 2383 832 2428 διεπράττετο
878 2386 884 2430 Ι
930 2382 969 2419 δ’
987 2383 1094 2420 Wolf
1135 2388 1140 2428 Ι
1187 2383 1353 2428 ἄνδραῧ
1457 2349 1644 2419 mynden).-

286 2428 373 2499 3}ss
391 2463 421 2499 S
455 2464 638 2501 ἀπελθεῖν
672 2467 717 2502 Vi
