1806 2964
634 209 906 246 EPISTULAE
931 212 1124 246 4⁶4—468
1475 206 1566 250 449

825 331 923 385 υξς’.
1468 338 1518 374 w
1546 341 1641 375 1109

640 417 878 475 Ἱεροκλεῖ.
929 427 1105 474 (355]56)

252 511 288 548 1.
325 507 390 549 Σὺ
415 504 609 563 πατρῴων
634 503 708 559 μὲν
738 504 849 545 πάνυ
880 510 1034 558 μικρῶν
1057 502 1383 557 ἐκληρονόμησας
1412 501 1566 557 χρημά-

189 590 285 628 των,
315 571 343 614 ἃ
367 572 410 615 δὲ
443 573 558 622 δίκας
582 570 708 627 λέγων
733 570 926 626 εἰργάσω,
957 569 1130 619 δικάζων
1159 567 1372 622 ἀνήλωκας
1401 568 1473 609 καί
1503 578 1568 608 σοι

188 640 373 682 σύνεστιν
397 637 486 680 ἀντὶ
509 638 677 694 χρυσίου
704 637 813 687 δόξα.
866 639 906 677 2.
929 635 1062 678 πόθεν
1087 629 1163 677 οὖν
1189 650 1258 688 μοι
1280 633 1499 688 πέπομφας
1522 632 1567 674 τὸ
1605 647 1621 674 ι

191 706 375 760 χρυσίονς
401 705 437 746 εἰ
461 703 534 758 μὲν
552 702 729 758 ἐντυχὼν
747 706 957 758 θησαυρῷ,
980 702 1104 757 φράζε
1130 700 1198 742 καὶ
1222 700 1438 754 δεξόμεθα·
1463 699 1501 741 εἰ
1524 694 1563 740 δ’

190 771 266 814 οὐκ
291 771 481 826 ἐντυχών,
507 769 670 813 ἐπειδὰν
696 768 878 827 ἐντύχῃς,
903 768 1112 822 δεξόμεθα.

825 899 921 952 ²¹5?-
1467 896 1518 941 W
1544 908 1638 941 12⁸3

669 987 850 1044 Βάσσῳ.
901 993 1074 1041 (355]56)

253 1079 291 1116 1.
333 1075 436 1124 Τούς
460 1090 500 1115 τε
525 1074 624 1123 σοὺς
654 1070 756 1127 ὑπὲρ
781 1069 898 1124 ἡμῶν
933 1069 1010 1112 οὐκ
1034 1069 1261 1125 ἀγνοοῦμεν
1283 1067 1440 1117 ἄθλους
1470 1064 1563 1124 παρ’
1586 1085 1622 1112 ιο

187 1140 305 1195 ἡμῶν
335 1157 375 1182 τε
407 1140 472 1182 σοὶ
502 1138 652 1194 μισθὸς
683 1134 735 1180 οὗ
766 1138 929 1191 μείζονα
960 1136 1037 1178 οὐκ
1067 1135 1119 1177 ἂν
1145 1135 1345 1190 ζητήσαις.
1394 1135 1465 1177 τὸν
1489 1134 1566 1190 γὰρ

188 1208 283 1251 υἱόν
307 1220 371 1249 σοι
395 1211 527 1249 ποιεῖν
545 1206 779 1260 πειρώμεθα
798 1210 997 1257 τοιοῦτον,
1015 1199 1101 1252 οἷος
1120 1201 1179 1243 ὢν
1197 1205 1252 1260 τῷ
1270 1202 1422 1259 πάππῳ
1441 1214 1566 1257 προσ-

189 1275 327 1329 όμοιος
363 1270 468 1315 εἶναι
502 1273 608 1322 δόξει
641 1271 711 1313 καὶ
744 1275 799 1328 τῷ
833 1271 935 1328 θείῳ
969 1269 1039 1310 καὶ
1072 1269 1143 1311 τὸν
1176 1267 1325 1323 πατέρα
1360 1268 1564 1322 κοσμήσει.

190 1344 228 1382 2.
254 1347 335 1382 τῶν
368 1340 502 1381 αὐτῶν
532 1339 673 1380 τοίνυν
707 1337 892 1392 ἐχώμεθα
926 1335 1146 1390 ἀμφότεροι
1179 1334 1248 1376 καὶ
1281 1334 1329 1375 τὰ
1354 1335 1566 1388 τιμιώτατα

187 1406 419 1462 παρέχωμεν
444 1405 512 1446 διὰ
536 1404 673 1454 τέλους
698 1402 895 1456 ἀλλήλοις.
1585 1417 1620 1445 15

826 1534 929 1589 υξη’.
1466 1541 1517 1576 W
1545 1546 1638 1579 1196

623 1624 910 1677 Μαρκιανῷ.
962 1627 1132 1674 (355156)

255 1712 292 1749 1.
319 1706 381 1748 “H
404 1723 443 1749 τε
467 1707 570 1762 πρὸς
594 1706 663 1747 τὸν
695 1705 788 1747 υἰόν
822 1717 896 1747 σου
927 1703 1125 1759 γενομένη
1156 1719 1225 1757 μοι
1257 1703 1372 1756 φιλία
1403 1703 1567 1745 πάντων

188 1776 354 1828 ἥδιστον
388 1773 496 1827 ἐμοί,
520 1772 622 1828 πρὸς
655 1771 730 1828 γὰρ
765 1775 818 1830 τῷ
851 1770 983 1820 δεινὸς
1016 1766 1120 1811 εἶναι
1145 1769 1271 1824 λέγειν
1295 1768 1364 1810 καὶ
1397 1769 1566 1823 χρηστὸς

187 1840 312 1895 ἀνήρ,
337 1840 380 1881 τό
406 1855 445 1880 τε
471 1839 522 1880 σὰ
545 1838 637 1893 περὶ
662 1838 815 1880 τούτων
841 1837 976 1879 ἐλθεῖν
1001 1837 1213 1892 γράμματα
1235 1841 1307 1889 τῆς
1339 1835 1439 1890 πρὸς
1466 1834 1566 1876 ἐκεῖ·
1585 1852 1623 1880 20

189 1907 264 1949 νόν
289 1922 368 1959 μου
394 1907 531 1958 φιλίας
565 1905 639 1959 οὐχ
662 1900 798 1957 ἧττον·
831 1903 933 1945 καλὰ
958 1903 1033 1958 γὰρ
1058 1901 1160 1956 ὑπὲρ
1185 1905 1310 1943 καλοῦ
1335 1902 1567 1957 πράγματος

263 2016 282 2047 1
317 2011 366 2048 VJ
390 2011 437 2057 γ’,
463 2010 557 2056 ρνς’.
598 2010 655 2046 Va
680 2008 724 2055 ε’,
756 2009 831 2054 πγ’.
859 2008 942 2045 Bas
1009 2011 1032 2044 8
1065 2008 1116 2043 Vl
1138 2006 1184 2053 γ’,
1210 2005 1298 2051 ρνζ.
1338 2006 1395 2043 Va
1425 2005 1468 2051 ε’,
1499 2005 1565 2042 mr

242 2063 286 2095 1⁶
320 2060 372 2095 VI
394 2058 441 2105 γ’,
466 2057 563 2105 ρνη’.
590 2059 652 2116 ,γα
677 2057 720 2103 ε’,
745 2056 818 2094 πί.
845 2056 875 2094 S
896 2053 929 2105 β’
958 2055 1052 2103 [ιγ’].
1081 2055 1128 2092 Vi
1153 2054 1240 2103 [οξ]

263 2160 284 2192 2
312 2155 432 2192 Seeck
452 2159 534 2192 176.
562 2158 632 2191 324
696 2158 717 2190 9
744 2153 864 2191 Seeck
890 2156 948 2189 96.
974 2155 1045 2188 324
1115 2155 1159 2188 11
1187 2149 1417 2197 Calliopium
1442 2150 1488 2186 cf.
1505 2161 1564 2197 ep.

189 2207 271 2240 359.
298 2207 368 2240 366
443 2207 488 2240 1'1
514 2203 634 2240 Seeck
658 2206 741 2239 202.
767 2206 838 2238 325
914 2204 959 2237 18
983 2199 1221 2236 Priscianum

262 2304 284 2336 2
310 2300 482 2346 Ἱεροκλεῖ
504 2312 566 2336 om
592 2301 675 2336 Bas
742 2302 764 2334 3
789 2296 1022 2345 πραγμάτων
1046 2297 1129 2333 Bas
1203 2299 1247 2332 11
1274 2294 1432 2341 ζητήσης
1457 2295 1494 2331 V

192 2351 238 2384 14
263 2348 438 2396 ἐχώμεθα
463 2350 502 2385 et
529 2353 574 2384 15
602 2346 826 2395 παρέχωμεν
856 2344 993 2392 scripsi
1017 2356 1039 2380 e
1060 2345 1097 2381 V
1114 2345 1159 2380 ut
1188 2343 1276 2380 coni
1303 2343 1361 2379 Re
1396 2343 1416 2380 ἐ
1439 2341 1564 2390 όμεθα

190 2398 231 2432 et
252 2396 466 2445 παρέχομεν
491 2397 549 2434 Va
572 2395 682 2433 Wolf
747 2398 792 2432 18
816 2394 884 2431 τὸν
908 2393 1053 2431 inserui
1078 2403 1099 2429 e
1123 2392 1234 2428 libris
1259 2403 1322 2428 om
1347 2390 1420 2428 Wo
1436 2391 1457 2427 f
1472 2390 1478 2440 Ι
1500 2403 1565 2437 μοι

191 2444 255 2482 del
279 2445 338 2482 Va
405 2448 450 2481 19
475 2444 519 2481 τὸ
546 2444 603 2482 Va
670 2447 716 2479 20
740 2442 790 2479 τά
815 2442 932 2479 Vued
956 2455 983 2478 α
1002 2441 1043 2477 in
1063 2453 1084 2477 ο
1104 2452 1187 2476 eon·
1204 2440 1274 2485 m⁴‚
1302 2440 1358 2476 Va
1424 2442 1469 2475 21
1490 2451 1564 2485 μου

189 2492 324 2539 scripsi
348 2506 413 2539 μοι
436 2492 527 2529 libri
570 2504 634 2529 om
658 2491 768 2528 Wolf
792 2493 800 2538 Ι
835 2489 957 2537 ἥττων
985 2490 1081 2526 VVa
1117 2487 1214 2535 ἥττω
1239 2489 1269 2526 S
1281 2488 1328 2525 Vi
1352 2498 1437 2524 corr
1459 2486 1571 2523 Wolf
