1806 2964
291 216 379 260 492
882 213 1064 251 LlssANn

287 329 347 370 οὗ
382 329 537 369 πάντα
571 326 679 368 θεοὶ
715 326 881 375 δόσαν,
915 325 1012 366 ἀλλὰ
1053 325 1121 366 τὸν
1157 325 1227 379 μὲν
1262 329 1464 379 ἑωρῶμεν,
1495 330 1577 374 τοῖς
1607 324 1652 368 δὲ

287 393 514 447 ὡμιλοῦμεν
533 393 745 446 γράμμασι.
780 395 819 432 2.
838 392 1056 444 μακαρίους
1075 389 1118 431 δὲ
1135 389 1202 430 καὶ
1219 390 1268 430 σὺ
1287 389 1370 430 τότε
1389 387 1494 442 ἡμᾶς
1517 388 1652 444 ὀρθῶς

290 459 439 508 ἐκάλεις
471 457 538 500 καὶ
563 464 640 498 νῦν
672 456 785 510 ἡμεῖς
810 456 870 498 σε’·
903 457 986 498 τότε
1012 455 1084 508 μὲν
1114 455 1188 509 γὰρ
1223 454 1275 504 ὡς
1307 453 1412 507 ἡμᾶς
1441 453 1504 512 ᾔει
1533 453 1651 510 τάγα-

290 525 384 573 θόν,
410 531 486 565 νῦν
513 522 555 564 δὲ
580 522 819 576 ἀναστρέφει
844 521 951 577 παρὰ
976 522 1028 563 σέ.
1087 524 1124 562 3.
1150 520 1324 562 ἀπόλαυε
1350 520 1400 572 δὴ
1425 519 1492 560 καὶ
1510 520 1651 574 πάρεχε

254 605 269 631 5
290 590 338 631 τὰ
364 586 444 630 ὦτα
469 589 649 642 διηγήσει
675 593 804 645 μακρᾷ
829 587 895 628 καὶ
920 594 999 641 χρῶ
1025 587 1248 640 διδασκάλῳ
1275 585 1376 631 νέων
1397 586 1653 640 πραγμάτων,

290 654 338 697 ὃν
364 655 566 704 ἐδίδασκες
590 654 638 694 τὰ
663 653 815 707 ἀρχαῖα.

217 771 265 805 w
293 775 361 807 432
496 798 501 804 .
926 758 1025 813 σπη’·

694 841 1034 902 Ἀρισταινέτῳ.
1062 852 1230 898 (356s57)

358 934 395 970 1.
417 926 606 981 Ἐξέμηνε
640 928 714 981 τὴν
743 928 860 970 πόλιν
892 926 989 981 ἡμῖν
1019 927 1076 976 εἰς
1109 927 1253 979 σοφίας
1285 927 1410 980 ἔρωτα
1440 926 1654 978 Θεμίστιος

238 1005 272 1031 1⁰
293 1002 414 1050 σιγῶν
441 994 512 1047 μὲν
537 995 733 1047 οὐδαμοῦ,
751 1000 953 1047 πανταχοῦ
973 992 1015 1034 δὲ
1035 993 1172 1047 λέγων,
1191 992 1258 1033 καὶ
1283 992 1407 1047 λέγων
1426 988 1493 1033 οἷα
1510 996 1653 1032 τοῦτον

291 1056 343 1114 ἦν
368 1061 473 1110 εἰκὸς
498 1059 634 1114 λέγειν,
659 1056 750 1100 ὥστ’
773 1060 809 1100 εἰ
827 1059 880 1111 μὴ
906 1059 1063 1112 τάχιστα
1081 1057 1222 1115 ἀπῆρε,
1247 1056 1323 1098 κᾶν
1349 1056 1553 1110 μετέστησε
1579 1054 1652 1107 τὴν

291 1126 444 1180 βουλὴν
464 1125 542 1167 ἀπὸ
561 1126 711 1166 τούτων
730 1124 773 1165 ε’ν
792 1121 853 1174 οἷς
871 1131 948 1165 νῦν
967 1123 1071 1166 ἐστιν
1091 1122 1154 1164 ε’πὶ
1173 1123 1242 1164 τὸν
1261 1122 1386 1164 αὑτοῦ
1405 1123 1507 1177 βίον.
1534 1125 1571 1162 2.
1586 1119 1653 1174 ἐμὲ

291 1191 334 1233 δὲ
365 1191 601 1244 ἀναμνήσας
631 1198 710 1231 τῶν
741 1193 920 1231 παλαιῶν
951 1189 1112 1230 ἐκείνων
1147 1189 1386 1243 πραγμάτων
1417 1189 1474 1237 εἰς
1499 1188 1653 1241 δάκρυα

292 1257 544 1309 κατέστησεν,
563 1254 584 1297 ὃ
605 1255 679 1310 ἐγὼ
698 1255 772 1308 τὴν
791 1256 962 1310 πατρίδα
980 1259 1125 1296 ποθῶν
1144 1250 1201 1295 ἔτ’
1222 1252 1278 1294 ὢν
1303 1249 1396 1308 παρ’
1419 1253 1517 1306 ὑμῖν
1541 1251 1654 1294 οὐδε·

239 1334 273 1359 1⁵
294 1323 451 1363 πώποτε
483 1318 574 1363 οῖδα
604 1322 762 1362 παθών.
806 1320 882 1374 ἔχει
913 1319 956 1362 δέ
988 1335 1055 1374 μοι
1084 1319 1151 1360 καὶ
1182 1319 1225 1360 τὸ
1258 1326 1369 1372 σῶμα
1400 1319 1526 1368 οὕτως
1557 1317 1653 1358 ὥστε

293 1387 476 1440 ἕλεοῦμαι
507 1385 579 1439 μὲν
609 1387 689 1428 ὑπὸ
720 1393 799 1427 τῶν
823 1385 972 1437 ἄλλων,
998 1386 1115 1438 ζημία
1142 1384 1185 1426 δέ
1210 1400 1277 1437 μοι
1301 1384 1345 1425 τὸ
1371 1384 1425 1438 μὴ
1451 1383 1653 1424 τεθνάναι.

294 1453 361 1494 καὶ
397 1453 522 1494 πολλὰ
557 1451 629 1505 μὲν
661 1450 794 1509 ᾅδεται
834 1459 913 1492 τῶν
953 1450 1185 1504 νοσημάτων
1228 1451 1354 1501 αἴτια,
1391 1450 1458 1490 δεῖ
1500 1447 1543 1490 δὲ
1582 1446 1654 1500 φέ-

294 1534 377 1572 ρειν
415 1517 566 1571 ἀφέντα
614 1520 763 1570 ζητεῖν,
803 1518 901 1558 ὅθεν
943 1517 1058 1558 ἐστίν.
1109 1515 1202 1558 οὐδὲ
1242 1515 1316 1569 γὰρ
1361 1513 1571 1568 ἐζητοῦμέν
1619 1528 1657 1554 τι

294 1585 440 1640 ῥᾷστον
465 1584 607 1638 εὑρεῖν.
652 1587 688 1624 3.
716 1583 764 1624 σὺ
791 1582 833 1623 δὲ
858 1582 908 1624 οὐ
933 1583 1092 1637 γράψας
1122 1581 1376 1637 προσέθηκας
1400 1584 1482 1629 τοῖς
1506 1582 1654 1628 κακοῖς.

369 1726 388 1758 7
424 1723 472 1759 VJ
494 1722 540 1769 y‘‚
566 1721 646 1769 σιγ’.
681 1722 736 1758 Va
762 1720 808 1765 ς’,
833 1719 897 1757 κε’.
931 1720 984 1757 Vo
1010 1719 1058 1765 ς’,
1081 1719 1147 1758 κε’.
1173 1718 1202 1755 S
1223 1718 1271 1763 δ’,
1296 1717 1374 1765 μθ’.
1408 1717 1455 1754 Vi
1479 1716 1558 1764 [οῖ’]

370 1864 388 1895 1
415 1859 465 1895 ΙΙ.“
484 1860 507 1895 δ
527 1863 606 1895 320.
628 1858 675 1895 cf.
696 1869 754 1904 ep.
776 1861 855 1894 338.
874 1861 963 1894 1431
1015 1860 1037 1893 8
1058 1856 1206 1893 Siever·
1225 1858 1307 1900 238,
1322 1860 1354 1892 3.
1376 1853 1495 1891 Seeck
1514 1857 1572 1890 86.
1586 1856 1654 1889 331

372 1995 389 2026 1
416 1991 458 2026 τὸ
483 1989 572 2026 libri
598 2000 680 2026 corr
703 1988 813 2025 Wolf
830 1991 836 2034 1
859 1995 935 2030 τοῖς
960 1987 1019 2036 δὲ]
1046 1992 1134 2033 „aut
1157 1988 1268 2023 τοῦδε
1294 1991 1360 2023 aut
1383 1991 1462 2027 τοῖς
1486 1983 1528 2022 δὲ
1554 1986 1653 2026 σοῖς“

297 2038 352 2074 Re
427 2042 447 2073 2
473 2038 682 2084 ὡμιλοῦμεν
714 2037 847 2082 scripsi
873 2047 893 2072 e
919 2036 1008 2072 VVo
1040 2035 1106 2071 sed
1131 2035 1171 2070 in
1196 2035 1267 2070 hoe
1299 2048 1328 2070 ω
1359 2033 1400 2070 in
1423 2044 1484 2069 ras
1515 2031 1583 2076 m‘,
1613 2033 1658 2068 ut

298 2085 383 2122 coni
410 2086 464 2121 Re
503 2085 702 2132 ὁμιλοῦμεν
726 2085 818 2122 Vas
839 2083 947 2120 Wolf
964 2085 970 2128 1
993 2082 1118 2128 ὀρθῶς
1141 2083 1239 2129 ἡμᾶς
1262 2082 1303 2118 D
1370 2085 1391 2117 8
1418 2079 1476 2127 εἴη
1503 2079 1658 2117 VVaVo

298 2134 365 2169 sed
390 2133 431 2169 in
455 2131 515 2181 ᾔει
541 2145 624 2169 corr
651 2133 766 2170 V·V⁶
838 2136 860 2167 4
886 2129 924 2169 δ’
945 2131 986 2168 D
1060 2135 1081 2165 6
1107 2128 1160 2167 ὧν
1185 2131 1225 2167 Ι)
1250 2129 1318 2165 sed
1343 2127 1387 2165 ὃν
1412 2128 1452 2164 in
1477 2139 1559 2164 mu·

299 2185 321 2217 8
347 2182 505 2228 ἰοβιανῶ
531 2181 619 2218 SVi
692 2185 736 2216 11
762 2179 863 2221 εἰκὸς
884 2184 1020 2216 τοῦτον
1045 2175 1093 2225 ἦν
1120 2179 1166 2215 Vi
1239 2181 1283 2213 12
1310 2177 1428 2213 αὐτοῦ
1445 2175 1534 2211 libri
1604 2173 1664 2211 olf

349 2233 392 2264 13
418 2228 645 2275 γραμμάτων
672 2229 717 2264 Vi
767 2232 811 2263 14
837 2225 889 2263 ἔτ’
911 2227 1052 2263 inserui
1078 2237 1099 2262 e
1125 2227 1161 2263 V
1193 2237 1254 2262 om
1283 2225 1335 2262 Va
1346 2223 1490 2261 VoSVi
1518 2221 1626 2258 Wolf
1650 2223 1655 2269 1

298 2277 388 2313 οὐδὲ
418 2276 522 2322 πώ(ῶ
551 2277 706 2322 Ῡο)ποτε
739 2276 884 2312 VVoVi
970 2278 1014 2310 15
1040 2275 1115 2320 ἔχει
1143 2274 1188 2310 Vi
1250 2276 1293 2309 18
1327 2273 1374 2309 οὐ
1407 2271 1495 2308 SVi
1538 2273 1544 2316 Ι
1578 2269 1659 2315 ἐζη-

297 2323 436 2370 τοῦμέν
469 2323 603 2370 scripsi
635 2324 668 2360 εἰ
701 2326 879 2369 ζητοῦμεν
907 2323 942 2359 V
976 2322 1041 2359 sed
1073 2321 1107 2358 εἰ
1137 2321 1177 2357 in
1208 2331 1270 2357 rus
1300 2320 1368 2365 m⁴‚
1404 2323 1494 2365 „aut
1523 2319 1558 2354 εἰ
1588 2317 1656 2354 del.

298 2377 366 2408 aut
399 2372 590 2419 legendum
622 2371 820 2417 ἐζητοῦμεν
852 2375 920 2407 aut
943 2371 1100 2416 denique
1130 2369 1165 2406 εἰ
1195 2368 1411 2414 ἐζητοῦμεν,
1439 2367 1659 2412 ἐζητοῦμεν“

298 2419 354 2455 Re
376 2421 382 2465 Ι
402 2433 439 2455 τι
468 2417 607 2469 ὁᾷστον
638 2419 761 2463 εὑρεῖν
799 2418 934 2464 scripsi
966 2415 1003 2454 τί
1033 2416 1174 2466 ῥ’ᾷστον
1205 2418 1328 2460 εὑρεῖν
1354 2416 1390 2452 V
1410 2414 1477 2450 sed
1500 2413 1538 2450 τί
1561 2412 1602 2449 in
1626 2411 1660 2456 8,

298 2481 334 2503 τι
360 2478 443 2504 corr
466 2468 533 2512 m‘,
566 2467 619 2504 Vo
644 2464 783 2516 ὁᾷστον
807 2479 843 2502 τι
863 2466 986 2510 εὑρεῖν
1008 2466 1062 2502 Va
1077 2464 1184 2501 Wolf
1205 2465 1329 2510 εὑρεῖν
1346 2461 1384 2499 τί
1409 2460 1546 2508 §fictor
1572 2459 1659 2498 SVi
