1806 2964
615 193 884 230 Epls'rULAE
910 197 1101 230 430-432
1217 206 1219 209 ·
1455 193 1542 236 421

808 303 905 347 vza'.
1447 313 1495 348 W
1525 317 1617 349 1200

667 387 883 447 Ἀκακίῳ.
934 400 1042 445 (355)

235 480 271 516 1.
302 478 367 532 Τῷ
383 476 540 533 Δάφνῳ
561 482 668 516 πᾶσα
687 474 844 529 ἀνάγκη
863 474 930 515 καὶ
948 479 1066 530 πεῖρα
1086 477 1397 530 προσενήνεκται
1416 476 1547 517 πάντα

171 540 245 596 μὲν
270 542 505 595 Κληματίου
529 541 814 594 πεποιηκότος,
847 540 920 582 οὐκ
948 539 1061 596 ὀλίγα
1092 539 1135 582 δὲ
1162 543 1426 595 Ἀποδημίου,
1449 543 1546 596 τάχα

170 606 215 649 δέ
238 623 276 649 τι
300 607 368 649 καὶ
398 605 526 662 ἡμῶν.
575 607 643 648 καὶ
668 607 749 660 μὴν
774 606 842 648 καὶ
868 607 1117 662 Στρατήγιος
1146 607 1324 658 ἀκούσας
1353 604 1460 650 εἷναί
1481 621 1545 649 σοι
1585 622 1601 649 5

171 675 293 728 δίκην
317 673 446 724 εὐθύς
464 689 504 715 τε
524 673 752 716 ἐπίστευσεν
772 672 827 722 ὡς
852 672 995 725 ἀδικεῖ,
1015 674 1081 715 καὶ
1102 671 1187 724 οἷος
1211 669 1265 728 ἧν
1285 673 1411 728 μηδὲν
1430 674 1546 717 ἐλλεί-

173 756 276 782 πειν,
330 744 367 781 2.
393 735 477 782 ἀλλ’
509 739 530 781 ὁ
555 740 726 793 Δάφνος
750 739 818 780 καὶ
842 737 959 792 ’ἡμῶν
984 739 1052 781 καὶ
1083 740 1220 794 νόμων
1244 741 1313 782 καὶ
1343 741 1547 796 ἀρχόντων

177 808 388 863 καταγελᾷ·
415 813 599 847 τοιοῦτον
624 805 700 860 ἔχει
726 806 955 860 συνήγορον
978 806 1053 859 τὴν
1072 808 1228 859 πενίαν,
1253 803 1330 860 ’ὑφ’
1351 803 1400 861 ἧς
1419 808 1471 849 ἂν
1491 809 1546 862 μὴ

171 879 320 915 πεινῶν
346 877 549 930 κοιμηθῇ,
574 876 760 913 πλουτεῖν
786 872 922 926 οἴεται,
948 872 1056 926 ὅμως
1082 871 1125 914 δὲ
1144 869 1234 915 οὐδ’
1257 874 1362 915 οὕτω
1380 874 1546 916 λέλυται.

171 939 420 992 καταστήσας
452 937 496 980 δὲ
527 938 726 993 ἐγγυητὴν
752 937 794 980 σὲ
825 937 1037 992 περιμένει.
1089 939 1196 980 τουτὶ
1228 939 1303 994 γὰρ
1329 938 1428 994 ἡμῖν
1455 953 1546 983 σκο-
1569 960 1603 985 ιο

170 1004 389 1059 πουμένοις
414 1004 547 1058 ἐφάνη
572 1005 723 1047 λοιπόν.

811 1124 908 1179 υλβ’.
1264 1136 1308 1170 W
1330 1140 1418 1172 1031
1443 1137 1550 1182 (Ceut
1564 1142 1623 1185 44)

621 1207 926 1266 Ἀνδρονίκῳ.
980 1221 1086 1263 (355)

236 1298 275 1336 1.
300 1294 455 1349 ’Ὡιμην
481 1307 523 1335 σε
548 1294 796 1336 πεπαυκέναι
821 1301 893 1348 τῆς
917 1296 1172 1350 κατηγορίας,
1196 1295 1249 1349 ἣν
1277 1297 1336 1338 ὅτι
1361 1310 1425 1339 σοι
1450 1301 1547 1353 βρα-

172 1361 241 1416 χέα
264 1361 408 1417 γράφω
434 1361 680 1416 κατηγόρεις,
705 1362 756 1403 σὺ
781 1359 824 1402 δὲ
850 1360 919 1418 ἔχῃ
944 1367 1015 1413 τῆς
1045 1369 1206 1417 γραφῆς
1236 1363 1304 1404 καὶ
1328 1364 1427 1416 κατὰ
1454 1366 1547 1415 τοὺς
1569 1380 1601 1407 15

172 1427 277 1483 ἄγαν
303 1428 559 1480 συκοφάντας
586 1427 661 1469 οὐκ
685 1427 784 1469 αὐτὸ
810 1427 938 1481 μόνον
964 1427 1153 1482 ἐγκαλεῖς,
1173 1429 1247 1482 τὴν
1266 1431 1548 1485 βραχυλογίαν,

176 1490 262 1534 ἀλλ’
283 1493 475 1547 ἐποίησας
495 1493 628 1552 ἀὐτὴν
653 1493 720 1535 καὶ
746 1493 879 1548 ἕτερον
905 1494 1080 1548 ἔγκλημα
1106 1499 1231 1536 τεκεῖν
1257 1501 1422 1549 σημεῖον
1445 1494 1549 1539 εἶναι

175 1560 325 1614 ταύτην
356 1558 480 1614 λέγων
511 1566 583 1601 τοῦ
614 1559 681 1601 καὶ
712 1560 786 1614 τὴν
817 1561 958 1613 φιλίαν
990 1577 1058 1614 μοι
1091 1561 1165 1614 τὴν
1190 1562 1290 1617 πρὸς
1322 1562 1365 1604 σὲ
1389 1571 1548 1617 κεκινῆ-

173 1631 284 1667 σθαι.
332 1629 370 1667 2.
396 1624 492 1680 φέρε
518 1626 584 1679 δή,
608 1626 709 1679 πρὸς
735 1627 847 1679 Διός,
872 1627 914 1667 εἴ
932 1643 985 1684 τῳ
1010 1634 1089 1668 τῶν
1115 1628 1224 1669 πάνυ
1250 1641 1313 1669 σοι
1339 1631 1549 1682 δυσμενῶν

175 1691 340 1734 ἐπέλθοι
365 1691 524 1745 πέμψαι
549 1706 612 1733 σοι
637 1693 795 1747 μακρὰν
820 1692 1044 1746 ἐπιστολήν,
1069 1694 1112 1735 τὸ
1140 1701 1267 1747 μῆκος
1291 1702 1407 1736 τοῦτο
1433 1697 1548 1737 λύσιν
1568 1711 1604 1737 20

250 1802 267 1832 1
304 1798 352 1833 V1
375 1797 420 1843 γ’,
455 1795 549 1855 μα’.
590 1797 647 1833 Va
672 1796 720 1854 ⁸¹5
740 1796 813 1854 μή,
846 1797 876 1834 S
902 1797 953 1858 ῥ’,
987 1797 1031 1855 os.
1059 1799 1126 1835 ’Vi
1150 1798 1268 1846 [σμη’]
1351 1804 1394 1834 12
1430 1801 1479 1836 Vt
1501 1800 1548 1846 γ’,

174 1843 267 1891 φιβ’.
302 1845 359 1882 Va
384 1844 425 1889 ε’,
451 1848 531 1891 μθ.
559 1845 588 1881 S
611 1843 659 1889 δ’,
685 1859 706 1892 γ
722 1873 731 1881 .
768 1846 811 1881 Va
836 1845 936 1893 [νδ].
972 1847 1073 1882 de
1098 1846 1190 1892 ρπθ’

249 1945 270 1976 2
297 1941 444 1977 Sievers
459 1945 540 1984 276,
554 1946 586 1977 2.
607 1945 734 1986 224,4.
762 1941 880 1978 Seeck
895 1946 953 1979 47.
973 1946 1043 1979 322
1124 1947 1146 1978 4
1166 1942 1283 1979 Seeck
1306 1947 1374 1979 110
1396 1946 1402 1989 1
1424 1944 1547 1980 Amm.

179 1987 229 2025 M.
249 1988 335 2025 XIV
356 1993 413 2032 11,
428 1993 485 2025 19.
512 1989 659 2026 Sievers
679 1994 761 2034 224,
776 1993 799 2025 4
897 1994 918 2026 5
946 1990 1065 2027 Seeck
1086 1994 1155 2026 282
1258 1995 1301 2026 13
1328 1991 1474 2028 Sievers
1501 1996 1548 2029 68

175 2038 255 2075 not.
275 2040 332 2074 32.
361 2040 429 2073 143
455 2039 533 2074 not.
554 2041 611 2074 56.
639 2037 758 2074 Seeck
785 2042 840 2074 71.
857 2042 926 2075 323

246 2137 268 2169 2
293 2140 344 2169 τῶ
371 2134 473 2170 αὐτῶ
499 2135 539 2180 (i.
559 2145 590 2170 e.
607 2132 777 2182 Ἀκακίῳ)
803 2135 891 2172 SVi
970 2139 991 2170 6
1017 2135 1145 2171 ἀδικεῖ
1174 2136 1327 2181 reposui
1353 2147 1373 2171 e
1398 2136 1506 2173 libris

175 2180 267 2218 ἁδικ
319 2180 427 2218 Wolf
499 2185 518 2217 7
546 2181 698 2230 δάφνης
724 2183 771 2220 Vi
838 2186 859 2218 9
885 2182 1034 2219 λέλυται
1053 2184 1205 2229 reposui
1232 2194 1253 2219 e
1277 2183 1387 2220 libris
1421 2184 1551 2221 λύεται

201 2228 311 2265 Wof
394 2233 439 2265 13
470 2235 522 2266 τῶ
555 2231 656 2267 αὐτῶ
688 2230 726 2277 (ί.
756 2242 788 2267 e.
816 2228 1057 2279 Ἀνδρονίκῳ)
1082 2231 1171 2268 SVi
1252 2235 1295 2268 15
1327 2231 1550 2279 κατηγόρεις

176 2277 315 2373 ῧῗτῗῗέίι
344 2279 1004 2364 ἓῗῗναΜνῗὲιῗΜὶιεἻύἶοῖἷετῗθν
1016 2286 1239 2364 ἔέἔηέἕρξές
1251 2280 1551 2364 τῖᾗῖῧῖξέᾞ

237 2377 279 2410 17
300 2374 367 2410 καὶ
391 2373 534 2411 inserui
559 2385 580 2411 e
604 2374 687 2412 SVi
716 2385 780 2411 om
805 2375 1010 2412 VVaVind
1035 2375 1143 2412 Wolf
1215 2380 1258 2412 19
1283 2378 1381 2413 θεοῦ
1404 2376 1435 2413 S
1460 2378 1467 2422 Ι
1497 2390 1550 2412 τω

177 2421 330 2467 reposui
355 2433 376 2457 ο
400 2421 509 2458 libris
534 2436 610 2459 τινι
629 2422 737 2460 Wolf
773 2425 779 2469 Ι
821 2425 996 2460 δυνατῶν
1016 2423 1073 2460 Va
1161 2427 1206 2459 20
1232 2422 1430 2471 πέμψομαὶ
1456 2424 1509 2460 Va

177 2469 303 2505 λύσειν
328 2469 385 2505 Va
422 2471 527 2506 λῢσιν
555 2471 654 2507 Viml
