1806 2964
607 203 878 240 EPISTULAE
904 206 1092 239 2⁷s—2s1
1205 248 1207 251 ¹
1449 201 1539 246 265

163 318 206 361 τὸ
232 314 271 360 δ’
294 313 347 359 αὖ
373 318 507 372 χάριεν
533 317 576 358 ἕν
601 333 640 358 τε
665 321 720 374 τῷ
745 316 946 374 προσώπῳ
972 315 1111 374 καὶτῷ
1135 314 1338 370 φθέγματι
1363 314 1430 356 καὶ
1456 319 1540 364 τοῖς

163 385 335 440 σχήμασι
365 383 434 425 καὶ
465 383 566 433 ὅλως
596 382 718 425 οὐδὲν
755 380 777 424 ὃ
810 382 866 436 μὴ
898 389 1082 424 τοιοῦτον
1115 378 1177 437 ἦν.
1216 388 1400 423 τοιοῦτον
1441 379 1541 435 ἡμῖν

162 450 260 505 μετὰ
289 458 361 505 τῆς
391 451 551 503 φύσεως
585 449 812 505 ἀπειργάσω
843 448 913 490 τὸν
945 454 1118 503 συγγενῆ
1150 452 1233 497 τοῖς
1266 443 1361 503 παρ’
1385 446 1541 501 ἐκείνης

162 516 212 559 τὰ
236 516 288 558 σὰ
311 517 518 572 προσθείς.
550 515 737 571 ἐργάσαιο
763 515 815 568 δὴ
839 514 908 556 καὶ
933 515 1081 564 παῖδας
1111 518 1167 570 τῷ
1198 518 1387 569 συγγενεῖ
1411 528 1541 570 παρα-

162 584 368 637 πλησίους.

809 665 886 707 σπ’.
1467 672 1515 707 w
1544 677 1614 709 ‘383

669 751 891 807 Μαξίμῳ.
925 755 1035 798 (358)

226 841 263 878 1.
287 832 415 890 Οἶμαί
437 849 500 878 σοι
526 836 724 878 Λεόντιον
749 835 819 877 τὸν
846 835 1044 888 σοφιστὴν
1069 833 1149 888 ’ἤδη
1174 833 1381 890 γεγονέναι
1406 835 1540 887 φίλον,

162 901 300 956 ἐπειδὴ
325 903 470 958 λόγους
495 901 517 944 ὃ
543 901 616 956 μὲν
641 902 839 956 κέκτηται,
866 902 915 943 σὺ
942 900 986 942 δὲ
1012 905 1151 954 φιλεῖς.
1178 902 1323 943 τούτου
1343 901 1540 956 συγγενὴς

165 968 302 1011 οὑτοσὶ
327 969 582 1025 Κλεόπατρος
607 968 675 1010 καὶ
707 968 918 1022 μαθητής,
950 965 999 1009 ὃν
1030 966 1182 1017 ἐκεῖνος
1207 966 1280 1021 μὲν
1304 967 1392 1021 ἐμοὶ
1423 967 1539 1009 συνέ-
1560 985 1596 1010 ιο

163 1048 324 1089 στησεν,
349 1033 424 1090 ἐγὼ
457 1034 500 1076 δὲ
532 1036 608 1077 σοί.
655 1038 691 1076 2.
726 1035 769 1077 τὸ
802 1034 875 1088 μὲν
908 1029 984 1076 οὖν
1014 1029 1110 1088 παρ’
1134 1033 1292 1075 ἐκείνου
1327 1038 1381 1092 τῷ
1416 1037 1539 1076 Κλεο-

160 1101 297 1158 πάτρῳ
332 1102 496 1156 μικρόν,
529 1101 672 1156 μικρὸν
705 1101 781 1157 γὰρ
814 1101 947 1154 δήπου
980 1100 1024 1142 τό
1062 1116 1106 1155 γε
1137 1099 1255 1154 ἐμόν,
1286 1101 1330 1142 τὸ
1362 1099 1406 1142 δὲ
1438 1098 1535 1155 παρ’

161 1167 260 1221 ἐμοῦ
285 1167 398 1223 μέγα,
430 1166 529 1223 μέγα
559 1167 635 1225 γὰρ
668 1168 802 1221 δήπου
834 1168 877 1209 τό
910 1183 952 1222 γε
984 1167 1068 1209 σόν.
1101 1168 1244 1221 φήσεις
1275 1166 1319 1209 δὲ
1344 1168 1469 1210 αὐτὸν
1494 1163 1540 1210 εὗ

160 1241 290 1276 ποιῶν
313 1234 383 1276 καὶ
407 1234 556 1290 ῥήτορα
580 1234 648 1275 καὶ
673 1234 844 1290 χρηστὸν
869 1229 915 1275 εὖ
941 1234 1214 1287 πεποιηκέναι.

789 1375 893 1420 σπα’.
1465 1388 1512 1423 W
1542 1392 1612 1425 '284

674 1466 870 1522 Διανίῳ.
904 1475 1013 1518 (358)
1522 1501 1525 1504 .
1557 1481 1592 1507 ιο

225 1552 261 1590 1.
288 1548 371 1590 Καὶ
396 1548 492 1603 πρὶν
517 1549 631 1603 ἥκειν
655 1548 726 1590 τὸν
751 1547 926 1603 φέροντα
951 1548 1025 1601 τὴν
1057 1548 1268 1603 ἐπιστολὴν
1300 1548 1446 1601 ἀφῖκτο
1472 1550 1537 1591 λό-

160 1630 231 1669 γος
255 1615 346 1668 περὶ
370 1621 442 1669 τῆς
459 1621 577 1669 τιμῆς
598 1610 648 1668 ἧς
666 1614 882 1663 ἀπολαύεις
900 1611 997 1669 παρ’
1020 1614 1140 1670 ἀνδρὶ
1159 1614 1225 1656 καὶ
1243 1622 1359 1668 τιμῆς
1377 1614 1538 1669 ἁπάσης

162 1680 229 1722 καὶ
254 1681 457 1734 εὐφημίας
481 1680 593 1738 ἀξίῳ,
618 1681 728 1737 παρὰ
754 1680 797 1723 δὲ
828 1687 900 1722 τοῦ
931 1681 1005 1734 τὴν
1031 1681 1243 1734 ἐπιστολὴν
1274 1682 1457 1731 διδόντος
1483 1677 1537 1736 ἦν

161 1746 325 1788 ἀκούειν
350 1747 470 1799 ὅμοιά
500 1763 540 1789 τε
570 1747 634 1789 καὶ
668 1748 724 1789 ἔτι
757 1748 904 1788 καλλίω
935 1753 1016 1788 τῶν
1049 1743 1121 1788 ὑπ’
1143 1746 1275 1789 ἄλλων
1305 1747 1538 1804 ἀγγελλομέ-
1556 1764 1593 1791 8⁰

235 1858 256 1887 5
292 1852 357 1888 Vll
379 1852 430 1897 α’,
455 1852 543 1900 σξβ’.
578 1853 635 1889 Va
660 1853 708 1899 y',
733 1851 804 1898 οη’.
839 1853 892 1890 Vo
917 1851 963 1899 γ’,
989 1855 1036 1899 οῆ
1113 1856 1157 1888 15
1193 1853 1259 1889 VII
1280 1852 1330 1898 α’,
1357 1853 1445 1899 σξγ’.
1480 1854 1537 1890 Va

160 1898 207 1945 γ’,
232 1899 308 1937 σθ’.
343 1900 394 1937 Vo
419 1899 467 1946 γ’,
493 1900 599 1949 [σθ’]
625 1901 655 1938 S
678 1900 726 1946 δ’,
752 1900 824 1949 μβ’.
861 1901 905 1937 Vi
930 1900 990 1937 σι’.
1017 1902 1059 1939 D
1085 1904 1131 1948 οῆ

235 2000 254 2032 7
281 1997 327 2032 cf.
349 2007 407 2043 ep.
428 2000 510 2033 279.
538 1997 684 2034 Sievers
709 2001 792 2042 281,
813 2002 847 2034 3.
874 1998 993 2035 Seeck
1019 2001 1100 2034 207.
1127 2001 1210 2034 377.
1236 1997 1404 2034 Silomon
1425 2002 1468 2034 31
1480 2010 1535 2044 sq.

209 2049 232 2081 8
258 2044 378 2081 Seeck
406 2049 475 2082 195
554 2049 599 2082 10
625 2046 671 2082 ef.
692 2057 750 2092 ep.
773 2050 842 2082 279
914 2050 959 2082 16
986 2045 1133 2083 Sievers
1161 2050 1205 2082 78
1230 2048 1311 2083 not.
1330 2050 1388 2083 48.
1416 2046 1536 2083 Seeck

163 2095 242 2128 120.
269 2096 351 2130 377.
377 2092 548 2130 Silomon
572 2097 619 2130 47
675 2126 681 2132 .
702 2097 748 2130 18
773 2094 989 2131 Alexandro
1015 2094 1064 2132 cf.
1084 2105 1143 2141 ep.
1165 2098 1247 2132 282.
1280 2094 1400 2132 Seeck
1420 2099 1465 2131 52
1480 2107 1535 2141 sq.

234 2194 254 2226 1
280 2189 412 2237 χαρίεν
444 2190 564 2228 Laur.
585 2191 703 2227 LVII
721 2194 768 2228 19
794 2192 908 2228 LV2
937 2191 1048 2227 Wolf
1076 2194 1170 2228 1203
1196 2191 1243 2228 cf.
1271 2191 1320 2228 ad
1347 2203 1405 2238 ep.
1428 2195 1473 2227 '12
1498 2204 1535 2237 p.

163 2241 221 2282 78,
236 2242 256 2273 7
321 2242 342 2274 3
368 2239 463 2286 τοῖς]
488 2244 554 2286 τῆς
578 2239 700 2276 Laur.
721 2240 835 2277 LV2
856 2241 861 2283 Ι
883 2238 1112 2286 παρεκείνης
1137 2240 1195 2276 Va
1216 2241 1222 2286 Ι
1244 2238 1391 2277 ἐκείνου
1419 2240 1537 2277 Veed

161 2298 206 2321 ου
230 2285 271 2322 in
297 2296 359 2322 rae
387 2286 445 2322 111⁶
537 2290 557 2323 9
582 2287 719 2324 τούτου
746 2289 782 2324 V
803 2288 871 2324 sed
896 2290 985 2334 post
1009 2291 1092 2330 υ(2)
1113 2298 1175 2324 rau
1204 2294 1221 2324 1
1249 2287 1315 2324 litt.
1400 2292 1443 2324 13
1465 2288 1535 2333 φή-

161 2344 237 2375 σεις
262 2334 299 2370 V
318 2334 385 2371 sed
409 2348 433 2381 η
465 2335 506 2371 in
530 2345 593 2371 rae
618 2335 675 2371 111⁶
737 2339 782 2372 16
808 2340 940 2373 Διανῶ
968 2337 1133 2373 VaVoD
1172 2334 1374 2373 Παλλαδίου
1400 2336 1490 2374 SVi

162 2385 207 2417 18
233 2382 294 2419 ἀεὶ
318 2384 406 2429 post
424 2383 631 2426 ἀπολαύεις
655 2384 696 2421 D
771 2388 814 2420 19
841 2383 884 2421 δὲ
911 2384 1045 2431 scripsi
1069 2398 1110 2421 τε
1134 2384 1224 2420 libri
1251 2384 1358 2420 Wolf
1374 2390 1379 2426 Ι
1402 2383 1538 2426 δόντος

161 2430 245 2515 gia!
263 2426 326 2514 fg,
336 2431 388 2468 Vo
469 2435 515 2467 20
542 2431 718 2469 ὑπάλλων
751 2433 806 2469 Va
846 2433 852 2482 Ι
893 2431 1175 2480 ἀγγελλομένων
1202 2434 1254 2470 Vo
1280 2433 1347 2469 sed
1372 2447 1414 2480 γε
1439 2444 1485 2470 ex
1511 2447 1537 2468 α
