1806 2964
630 193 902 231 EPISTULAE
928 197 1121 231 240-242
1232 224 1234 226 .
1478 195 1564 239 227

188 319 253 350 σοι
276 306 550 361 καλουμένους
575 307 651 349 οὐκ
675 303 786 359 οἶδα,
818 308 862 349 οἱ
881 307 1046 363 ῥήτορες
1071 306 1115 349 δὲ
1141 300 1361 361 ἡττήμεθα.
1409 310 1446 350 2.
1473 308 1569 358 τέως

188 372 262 428 μὲν
288 367 364 415 οὖν
387 379 436 430 τῇ
459 374 619 429 Φρυγίᾳ
645 373 893 429 συνέχαιρον,
916 372 942 427 ἣ
963 373 1031 415 καὶ
1050 372 1092 416 σὲ
1111 373 1179 416 καὶ
1197 374 1292 423 τοὺς
1310 374 1465 430 γάμους
1485 374 1567 417 ἐδέ-

187 441 301 494 ξατο,
331 445 410 481 νῦν
442 438 486 481 δὲ
519 446 566 497 τῇ
592 441 767 496 Μεγάλῃ
794 440 907 482 πόλει
932 439 975 482 σέ
998 455 1039 481 τε
1063 439 1326 499 ἀπολαβούσῃ
1352 440 1420 482 καὶ
1444 454 1567 496 προσ-

188 506 368 562 λαβούσῃ
392 505 468 559 τὴν
492 506 683 560 νύμφην,
709 506 912 562 μακαρίζω
938 505 981 548 δὲ
1006 506 1074 548 καὶ
1098 506 1168 549 τὸν
1193 506 1269 549 οὐκ
1294 506 1468 557 ἀπόντος
1493 521 1567 550 σου

187 572 263 626 τὴν
286 572 487 628 Μεγάλην
511 570 719 626 ὀψόμενον
743 572 877 626 πόλιν,
904 572 963 614 ὅτι
988 572 1118 626 αὐτὴν
1143 571 1267 622 ὄντως
1287 572 1430 626 ὄψεται
1449 575 1566 629 μεγά·
1605 588 1622 616 5

185 642 273 693 λην.
312 641 351 680 3.
376 638 447 680 τὸν
473 637 546 693 μὲν
571 633 647 680 οὖν
672 645 752 680 τῶν
776 639 1021 694 πραγμάτων
1040 638 1170 680 πόνον
1188 638 1448 693 ἀνεθήκαμεν
1470 643 1566 682 Κλε-

184 706 305 764 άρχῳ,
329 704 439 760 παρὰ
464 712 539 747 σοῦ
565 704 608 747 δὲ
627 704 848 760 Εὐστόχιος
873 705 1085 759 τιμηθήτω
1108 710 1162 764 τῷ
1180 709 1431 760 νομισθῆναι
1449 713 1566 749 τοῦτο

185 771 282 826 ὅπερ
313 771 431 813 ἐστίν.
476 771 557 813 ἔστι
588 770 631 813 δὲ
662 771 783 820 καλὸς
817 770 1020 826 κάγαθός,
1051 771 1129 813 κάν
1162 776 1247 822 τοῖς
1281 772 1509 828 πράγμασιν
1540 772 1567 814 ἃ

185 839 308 891 φίλον
333 842 446 892 σαφῆ
473 840 584 892 ζητεῖ
601 838 748 888 πάντες
772 833 829 879 ἐπ’
859 838 984 880 αὐτὸν
1009 837 1217 893 ἐρχόμεθα.
1258 841 1296 879 4.
1317 839 1411 892 τίμα
1430 839 1473 882 δὲ
1492 840 1566 881 αὖ·

183 904 254 946 τὸν
285 903 353 946 καὶ
376 909 429 962 τῷ
450 905 620 960 μείζονι,
650 907 758 946 καλῶ
785 903 827 946 δὲ
853 905 988 958 μεῖζον
1019 904 1062 946 τὸ
1100 911 1183 946 σῶν
1213 903 1386 946 ἀκοῦσαι
1412 906 1564 961 λόγων·
1588 919 1622 945 ιο

185 969 258 1020 οὓς
289 971 327 1012 εἰ
358 969 430 1025 μὲν
461 971 627 1022 καινοὺς
653 971 862 1025 δεικνύεις,
887 977 1033 1024 καινῆς
1058 972 1206 1025 θοίνης
1232 971 1497 1025 μεταλήψεται
1521 973 1565 1015 τὸ

184 1036 302 1092 μέρος
319 1047 328 1057 ·
352 1037 391 1079 εἰ
414 1033 455 1079 δ’
472 1037 548 1079 οὐκ
566 1037 610 1079 ἐν
629 1037 755 1095 τούτῳ
775 1044 854 1079 νῦν
873 1037 973 1092 εἴης,
993 1041 1077 1087 τοῖς
1096 1040 1281 1087 παλαιοῖς
1300 1036 1425 1079 αὐτὸν
1443 1037 1565 1093 ἑστία,

184 1107 336 1157 μᾶλλον
349 1102 407 1158 δέ,
419 1104 580 1154 πάντως
599 1103 724 1146 αὐτὸν
742 1103 932 1153 ἑστιάσεις
951 1108 1124 1154 καινοῖς·
1140 1104 1163 1146 ὅ
1175 1120 1212 1146 τι
1230 1102 1306 1159 γὰρ
1327 1103 1378 1145 ἂν
1392 1104 1566 1163 φθέγξῃ,

185 1176 303 1211 τοῦτο
327 1176 408 1212 τῶν
431 1169 717 1226 γεγραμμένων
741 1170 792 1212 οὗ
817 1174 960 1225 χεῖρον.

823 1287 918 1345 σμβ’
1306 1300 1355 1336 W
1381 1306 1450 1339 245
1475 1301 1583 1350 (Ceut
1600 1305 1638 1350 4)

644 1376 896 1435 Μοδέστῳ.
936 1385 1107 1434 (358]59)
1585 1395 1619 1422 ιο

248 1465 285 1503 1.
312 1463 457 1510 Καλῶς
482 1476 551 1515 μοι
577 1461 767 1503 δοκοῦσιν
793 1462 836 1503 οἷ
856 1461 1020 1515 ποιηταὶ
1047 1461 1138 1517 περὶ
1163 1469 1235 1503 τοῦ
1251 1460 1429 1518 ’Ἑρωτος
1458 1463 1566 1506 ἐσκέ-

187 1531 296 1580 φθαι
308 1531 524 1577 καλοῦντες
536 1527 660 1569 αὐτὸν
673 1526 782 1569 &vin
791 1543 920 1581 ητον,
929 1528 1031 1570 ὅπου
1042 1544 1086 1584 γε
1098 1527 1166 1570 καὶ
1176 1529 1422 1584 Στρατήγιος
1435 1525 1479 1571 εὖ
1490 1531 1565 1584 μά-

187 1596 235 1634 λα
253 1593 420 1635 ἐνθένδε
440 1593 679 1647 κινούμενος
699 1599 778 1635 νῦν
796 1599 969 1649 γυναῖκα
988 1594 1107 1647 ἀφεὶς
1126 1593 1193 1635 καὶ
1212 1594 1330 1636 τέκνα
1353 1595 1421 1636 καὶ
1446 1595 1566 1637 τᾶλλα

260 1702 305 1733 15
338 1698 407 1734 VII
437 1697 486 1742 α’,
517 1697 612 1755 P‘Y'-
654 1699 709 1735 Va
741 1697 788 1745 γ’,
820 1697 867 1745 μ’.
912 1699 964 1736 Vo
996 1698 1042 1746 γ’,
1074 1698 1122 1745 μ’.
1155 1699 1185 1735 S
1215 1698 1263 1744 δ’,
1294 1698 1368 1736 λθ’.
1407 1701 1455 1736 Vi
1480 1700 1565 1745 ρλζ.

191 1757 293 1794 Vina
317 1757 378 1801 ξε’.
405 1759 463 1795 Be
488 1759 534 1806 ξβ

257 1867 280 1895 4
305 1859 551 1896 Eustochium
613 1864 635 1896 6
656 1860 703 1898 cf.
725 1871 782 1907 ep.
805 1864 875 1897 240
935 1865 978 1897 16
1006 1861 1050 1898 cf.
1071 1872 1130 1908 ep.
1153 1865 1234 1898 196.
1261 1861 1407 1899 Sievers
1433 1866 1515 1907 290,
1530 1866 1564 1900 7.

184 1907 413 1992 {giossvmss
434 1912 516 1944 374.
543 1908 711 1948 Silomon
737 1912 794 1945 40.
821 1913 868 1946 48
957 1913 1002 1946 18
1030 1909 1142 1956 Soph.
1164 1910 1253 1946 Ani.
1276 1914 1343 1947 781
1391 1914 1398 1957 Ι
1445 1911 1564 1947 Seeck

256 2068 278 2100 3
303 2077 332 2100 π
334 2064 566 2112 ροσλαβούσῃ
593 2075 655 2100 om
680 2065 740 2102 Be
763 2065 864 2101 Fabr
886 2065 996 2101 Wolf
1016 2067 1076 2102 An
1152 2069 1174 2101 5
1203 2066 1395 2111 „praefero
1420 2065 1560 2109 ουτως“

183 2111 240 2148 Re
314 2116 333 2148 7
360 2114 505 2160 τιμηθῇ
530 2112 587 2149 Va
597 2113 648 2150 Vo
674 2113 741 2150 sed
768 2113 807 2149 in
835 2112 908 2150 hoc
933 2116 989 2160 θῆ
1015 2113 1057 2149 in
1081 2112 1190 2158 θήτω
1217 2125 1302 2150 oon·
1319 2114 1376 2149 m‘
1450 2118 1472 2150 9
1498 2116 1563 2152 ἐπ·

184 2183 303 2221 αυτὸν
328 2185 385 2222 Va
459 2188 502 2220 11
530 2174 688 2227 κοινοὺς
715 2185 766 2221 Vo
793 2185 859 2221 sed
886 2198 923 2222 οι
957 2185 1021 2221 del
1052 2185 1110 2220 111⁸
1147 2186 1303 2228 κοινοὺς
1328 2187 1364 2223 V
1383 2186 1495 2223 Wolf
1514 2187 1562 2223 ed

182 2232 250 2268 aed
274 2232 434 2275 καινοὺς
456 2231 664 2280 legendum
689 2233 788 2269 vidit
812 2233 900 2268 Add
926 2236 996 2269 861
1033 2234 1038 2278 Ι
1078 2238 1210 2280 κοινῆς
1228 2233 1319 2269 libri
1338 2233 1448 2270 Wolf
1480 2246 1564 2271 con·

184 2279 308 2327 Fabri
329 2279 434 2327 θήνη
436 2295 455 2322 ς
468 2281 504 2318 V
555 2284 600 2317 18
614 2281 766 2323 πάντως
783 2281 936 2327 reposui
956 2292 976 2317 e
995 2281 1104 2318 libris
1142 2282 1268 2329 πάντη
1289 2282 1363 2318 edd
1414 2287 1458 2319 16
1477 2286 1562 2320 Μο-

187 2327 305 2377 δέστφ
330 2294 485 2365 cultello
503 2327 717 2376 bibliopegi
744 2329 988 2375 absumptum
1009 2330 1066 2366 Be
1102 2335 1154 2366 τῶ
1174 2330 1275 2366 αὐτῶ
1296 2330 1333 2377 (i.
1346 2341 1377 2366 e.
1388 2329 1442 2376 Ap
1446 2342 1564 2367 ισται-

185 2365 293 2424 νέτφ)
313 2377 361 2413 Vi
422 2379 467 2413 18
494 2373 592 2413 ὅπου
611 2390 652 2423 γε
674 2377 810 2423 scripsi
855 2376 968 2414 ὁπότε
993 2377 1083 2414 libri
1108 2376 1216 2414 Wolf
1235 2380 1241 2426 Ι
1263 2379 1484 2440 στρατήγιος
1507 2380 1566 2416 Be

186 2412 264 2460 aed
279 2422 327 2470 ήγ
352 2436 372 2460 o
397 2438 418 2461 τ
443 2435 528 2461 corr
549 2424 607 2460 m’
641 2426 647 2471 Ι
681 2422 722 2461 εὖ
749 2425 849 2472 μάλα
874 2425 1018 2462 inserui
1050 2437 1071 2462 e
1105 2425 1214 2462 libris
1246 2426 1314 2462 sed
1346 2424 1387 2463 εὖ
1421 2438 1481 2463 om
1509 2428 1566 2463 Be

190 2482 251 2508 om
275 2471 386 2508 Wolf
457 2475 501 2508 19
528 2472 640 2519 ἀφεὶς
664 2479 829 2520 γυναῖκα
857 2474 957 2510 Vind
983 2473 1113 2520 Wolf!
1135 2475 1251 2510 τᾶλλα
1276 2474 1330 2511 Vo
