1806 2964
638 230 908 267 EPISTULAE
935 235 1125 268 οπο-σεε
1470 232 1559 276 573

822 342 919 397 χκβ’.
1487 352 1535 387 w
1562 355 1631 389 58⁹1

695 424 912 486 Ἀκακίφ.
945 432 1053 475 (361)

248 516 286 553 1.
310 508 382 553 Ἐν
418 511 491 565 μὲν
525 516 608 561 τοῖς
641 512 833 567 πρότερον
866 513 1114 567 γράμμασιν,
1146 513 1205 555 ὅτι
1236 529 1275 555 τε
1313 514 1474 564 εἰκότως
1508 512 1559 554 ἂν

183 576 296 633 παρὰ
320 584 394 620 σοῦ
420 579 663 632 λαμβάνοιμι
688 578 865 634 χάριτας,
891 578 1099 620 ἐδείκνυον
1123 579 1190 620 καὶ
1215 580 1469 633 παρεκάλουν
1495 579 1558 621 ε’πὶ

185 643 230 685 τὸ
267 644 463 698 Μάξιμον
500 643 629 700 ἄνδρα
660 644 862 699 βέλτιστόν
891 660 931 686 τε
962 644 1029 686 καὶ
1061 646 1182 698 φίλον
1212 644 1312 699 ἡμῖν
1350 641 1396 687 εὖ
1427 651 1559 688 ποιεῖν
1597 660 1612 687 ⁶

185 709 255 750 καὶ
279 711 452 752 πιστεύω
477 726 520 765 γε
552 714 711 752 πολλῶν
741 711 866 752 αὐτὸν
890 709 971 765 ἤδη
1002 711 1272 766 τετυχηκέναι·
1303 719 1382 753 νῦν
1413 711 1457 754 δέ
1491 728 1558 766 μοι

185 782 350 831 πρᾶγμα
374 777 497 817 πάλαι
522 775 595 830 μὲν
620 778 803 830 σπουδῆς
827 775 1067 831 ἠξιωμένον,
1091 777 1200 827 τέλος
1226 777 1269 819 δὲ
1293 777 1408 820 οὔπω
1432 778 1558 832 λαβὸν

184 840 252 882 ἐπὶ
277 841 400 896 πέρας
425 841 548 897 ἄγειν.
574 843 654 884 ἔστι
679 842 722 884 δὲ
746 842 824 883 κάν
849 844 976 900 τούτῳ
1001 843 1044 884 τὸ
1070 843 1146 897 τὴν
1171 844 1303 885 οἰκίαν
1328 839 1374 885 εὖ
1392 845 1558 898 πάσχειν

185 906 263 960 τὴν
293 909 503 961 Μαξίμου.
546 912 584 950 2.
611 909 648 950 εἰ
676 907 748 962 μὲν
781 903 856 950 οὖν
888 909 944 962 μὴ
974 910 1107 965 ῥήτωρ
1143 905 1191 964 ἧν
1221 909 1243 952 δ
1278 911 1452 963 κομίζων
1482 910 1557 963 τὴν

185 971 411 1027 ἐπιστολήν,
436 974 557 1024 αὐτὸς
582 973 633 1015 ἂν
658 975 902 1029 διηγούμην·
928 975 1011 1017 ἐπεὶ
1038 974 1081 1017 δὲ
1106 981 1160 1034 τῷ
1195 975 1321 1031 λέγειν
1352 977 1556 1017 δύνασθαι
1579 992 1611 1018 ιο

184 1039 254 1080 καὶ
278 1039 353 1092 τὴν
376 1038 502 1093 ἄλλην
528 1041 703 1094 δύναμιν
722 1041 921 1096 Εὐσέβιος
939 1043 1246 1096 προσεκτήσατο,
1271 1043 1311 1083 τί
1327 1041 1378 1083 ἄν
1403 1059 1462 1092 τις
1482 1059 1557 1096 μη-

185 1105 306 1147 ιιύνοι
329 1107 551 1163 πρεσβευτῇ
578 1107 746 1165 τοιούτῳ
771 1107 991 1163 χρώμενος;
1027 1111 1065 1149 3.
1086 1115 1251 1150 τοσοῦτο
1277 1108 1412 1162 μέντοι
1436 1121 1557 1162 προσ-

185 1172 308 1225 θείην
331 1171 398 1225 ἄν,
424 1170 478 1222 ὡς
503 1171 594 1214 οὔτε
619 1172 692 1223 ἔξω
718 1179 798 1214 τῶν
823 1174 961 1226 νόμων
986 1173 1107 1216 οὐδὲν
1125 1173 1411 1229 ἔπαγγέλλομεν
1436 1175 1557 1215 πλείω

186 1252 226 1278 τε
250 1238 443 1291 εἰσόμεθα
467 1239 583 1293 χάριν
608 1246 688 1280 τῶν
711 1239 760 1280 τὰ
783 1238 903 1280 ἄδικα
927 1239 1036 1295 παρὰ
1054 1247 1134 1282 τῶν
1154 1240 1305 1282 ἀδίκων
1325 1240 1555 1282 αἰτούντων.

822 1395 917 1452 12‘7'·
1484 1404 1534 1440 W
1560 1407 1630 1440 538

668 1481 928 1538 Δημητρίῳ
973 1485 1080 1528 (361)
1578 1496 1611 1522 ιε

251 1567 287 1604 1.
306 1561 413 1616 Ἤδη
438 1562 506 1604 καὶ
531 1561 631 1617 ἡμῖν
656 1564 704 1605 τὰ
729 1570 800 1618 τῆς
825 1562 974 1619 ὡραίας
993 1564 1221 1620 προέρχεται
1239 1565 1307 1606 καὶ
1327 1565 1432 1605 ἔστιν
1451 1563 1557 1606 ὀπώ-

186 1645 252 1684 ρα.
282 1630 437 1682 λύωμεν
464 1624 553 1683 οὖν,
577 1630 615 1671 εί
637 1630 760 1683 δοκεῖ,
785 1635 868 1680 τοῖς
891 1636 1081 1686 γεωργοῖς
1099 1631 1194 1681 τοὺς
1212 1631 1397 1685 δρόμους.
1426 1635 1464 1675 2.
1484 1630 1559 1682 τὴν

189 1692 228 1735 δ’
251 1694 350 1749 ὑπὲρ
375 1702 456 1736 τῶν
480 1694 615 1750 ἀγρῶν
647 1697 880 1751 συμβουλὴν
910 1696 978 1738 καὶ
1008 1697 1160 1739 ἐπαινῶ
1191 1697 1258 1739 καὶ
1284 1696 1456 1750 δέχομαι.
1490 1695 1558 1736 καὶ

186 1761 460 1816 πειρασόμεθα
484 1768 564 1802 τῶν
588 1760 662 1815 μὲν
689 1762 746 1816 μὴ
771 1762 1009 1816 ἀποστῆναι,
1035 1763 1082 1803 τὰ
1106 1762 1150 1805 δὲ
1175 1765 1426 1817 προσλαβεῖν.
1577 1771 1612 1798 2⁰

264 1906 281 1936 1
319 1901 383 1937 Vl!
411 1901 457 1948 β’,
494 1900 564 1937 ιθ’.
602 1903 658 1939 Va
682 1901 727 1946 ζ’,
753 1901 800 1948 η’.
843 1903 897 1939 Vo
921 1901 999 1949 (ξ),
1024 1901 1072 1949 η’.
1112 1903 1182 1938 Mo
1281 1906 1325 1938 15
1359 1903 1427 1938 Vn
1449 1900 1496 1949 β’,
1522 1901 1558 1937 κ’

186 1947 268 1994 (fol.
292 1952 392 1994 102')
419 1951 458 1985 et
482 1949 528 1996 γ’,
554 1950 640 1998 ρᾳς’
664 1949 744 1997 (fol.
763 1953 874 1996 244‘).
907 1952 964 1987 Va
988 1950 1030 1996 ζ,
1054 1950 1110 1988 θ’.
1143 1951 1195 1987 Vo
1220 1948 1290 1996 (ζ’),
1314 1948 1369 1985 θ’.
1398 1951 1466 1986 Mo

264 2085 285 2116 2
312 2082 360 2117 cf.
381 2092 439 2127 ep.
461 2085 542 2117 621.
570 2081 689 2119 Seeck
715 2085 772 2118 88.
798 2087 868 2119 388
949 2087 971 2119 3
997 2093 1055 2128 ep.
1077 2086 1146 2118 298
1225 2086 1265 2117 11
1294 2081 1411 2118 Seeck
1440 2086 1508 2117 142

192 2132 236 2164 16
263 2128 382 2165 Seeck
410 2133 490 2166 117.
510 2132 581 2165 388
657 2134 701 2166 19
727 2130 775 2166 of.
796 2141 853 2176 ep.
874 2134 944 2166 615

263 2263 284 2294 8
311 2258 369 2296 ὅτι
393 2262 444 2308 τε]
471 2260 532 2298 ὅτε
558 2263 594 2298 V
668 2265 690 2298 8
715 2259 774 2310 τὸ]
805 2264 856 2309 τῷ
882 2263 974 2299 VVo
1051 2266 1094 2298 12
1119 2261 1290 2344 τοσοῦτοῖ
1316 2262 1480 2297 τοσούτω
1503 2262 1559 2298 Va

188 2313 370 2345 τοσοῦτον
401 2309 469 2346 Mo
553 2313 596 2345 17
632 2308 733 2355 ὥρας
766 2311 832 2347 Mo
920 2313 964 2346 18
996 2310 1140 2356 λύωμεν
1175 2311 1208 2346 V
1236 2310 1301 2345 fo.
1340 2313 1428 2345 102'
1461 2309 1529 2344 ned

191 2366 307 2401 supra
331 2370 349 2392 ι
375 2367 459 2392 eras
480 2359 486 2403 Ι
508 2368 654 2394 comma.
677 2358 787 2404 posui
813 2359 900 2404 poet
919 2360 1037 2401 δοκεῖ,
1062 2358 1163 2404 quod
1191 2369 1251 2394 om
1271 2357 1358 2392 libri
1379 2356 1495 2398 Wolf.
1520 2357 1561 2392 et

191 2403 315 2440 delevi
334 2407 422 2450 post
439 2411 618 2451 γεωργοῖς
642 2406 744 2451 quod
769 2405 912 2442 habent
932 2407 988 2443 Va
998 2406 1049 2443 Vo
1059 2407 1127 2442 Mo
1148 2405 1263 2447 Wolf,
1289 2417 1375 2440 cum
1401 2404 1559 2441 Seeckio

190 2454 262 2486 884
325 2455 371 2487 20
384 2451 646 2498 πειρασόμεθα
664 2453 833 2499 scripsio
848 2455 904 2490 Va
928 2454 1198 2499 πειρασώμεθα
1212 2454 1303 2489 VVo
1329 2454 1398 2489 Μο
1423 2452 1526 2489 Wolf
1551 2452 1556 2499 Ι

191 2499 361 2544 sequitur
386 2511 444 2546 ep.
466 2504 487 2536 6
514 2501 553 2536 in
580 2503 615 2538 V
635 2501 699 2537 fol.
720 2505 790 2537 244
