<?xml version="1.0" encoding="UTF-8"?>
<!DOCTYPE html PUBLIC "-//W3C//DTD XHTML 1.0 Transitional//EN"
    "http://www.w3.org/TR/xhtml1/DTD/xhtml1-transitional.dtd">
<html xmlns="http://www.w3.org/1999/xhtml" xml:lang="en" lang="en">
 <head>
  <title>
</title>
<meta http-equiv="Content-Type" content="text/html;charset=utf-8" />
  <meta name='ocr-system' content='tesseract 3.04.00' />
  <meta name='ocr-capabilities' content='ocr_page ocr_carea ocr_par ocr_line ocrx_word'/>
</head>
<body>
  <div class='ocr_page' id='page_1' title='image "./operarecensuitri10libauoft_0367.png"; bbox 0 0 1806 2964; ppageno 0'>
   <div class='ocr_carea' id='block_1_1' title="bbox 685 207 1520 251">
    <p class='ocr_par' dir='ltr' id='par_1_1' title="bbox 685 207 1520 251">
     <span class='ocr_line' id='line_1_1' title="bbox 685 207 1520 251; baseline -0.001 -6"><span class='ocrx_word' id='word_1_1' title='bbox 685 207 923 245; x_wconf 82' lang='lat' dir='ltr'>EPISTULA</span> <span class='ocrx_word' id='word_1_2' title='bbox 950 212 1019 245; x_wconf 86' lang='grc'><strong><em>369</em></strong></span> <span class='ocrx_word' id='word_1_3' title='bbox 1431 208 1520 251; x_wconf 81' lang='lat'><strong><em>355</em></strong></span> 
     </span>
    </p>
   </div>
   <div class='ocr_carea' id='block_1_2' title="bbox 146 320 1585 1702">
    <p class='ocr_par' dir='ltr' id='par_1_2' title="bbox 146 320 1585 1702">
     <span class='ocr_line' id='line_1_2' title="bbox 146 320 1522 380; baseline -0.004 -13"><span class='ocrx_word' id='word_1_4' title='bbox 146 324 337 380; x_wconf 80' lang='grc' dir='ltr'><strong><em>παρέσχες</em></strong></span> <span class='ocrx_word' id='word_1_5' title='bbox 362 325 592 378; x_wconf 85' lang='grc' dir='ltr'><strong><em>μετάμελον,</em></strong></span> <span class='ocrx_word' id='word_1_6' title='bbox 618 323 677 364; x_wconf 80' lang='grc' dir='ltr'><strong><em>ὅτι</em></strong></span> <span class='ocrx_word' id='word_1_7' title='bbox 703 321 934 376; x_wconf 81' lang='grc' dir='ltr'><strong><em>μετέδωκεν,</em></strong></span> <span class='ocrx_word' id='word_1_8' title='bbox 959 321 1047 363; x_wconf 81' lang='grc' dir='ltr'><strong><em>ἀλλ’</em></strong></span> <span class='ocrx_word' id='word_1_9' title='bbox 1067 320 1291 377; x_wconf 83' lang='grc' dir='ltr'><strong><em>ἡγούμενος</em></strong></span> <span class='ocrx_word' id='word_1_10' title='bbox 1309 322 1378 364; x_wconf 89' lang='grc' dir='ltr'><strong><em>τὸν</em></strong></span> <span class='ocrx_word' id='word_1_11' title='bbox 1398 321 1522 363; x_wconf 79' lang='grc' dir='ltr'><strong><em>αὐτὸν</em></strong></span> 
     </span>
     <span class='ocr_line' id='line_1_3' title="bbox 149 386 1520 444; baseline -0.004 -11"><span class='ocrx_word' id='word_1_12' title='bbox 149 391 323 444; x_wconf 84' lang='grc' dir='ltr'><strong><em>ἀνεψιόν</em></strong></span> <span class='ocrx_word' id='word_1_13' title='bbox 348 406 388 432; x_wconf 89' lang='grc' dir='ltr'><strong><em>τε</em></strong></span> <span class='ocrx_word' id='word_1_14' title='bbox 414 386 520 431; x_wconf 83' lang='grc' dir='ltr'><strong><em>εἶναί</em></strong></span> <span class='ocrx_word' id='word_1_15' title='bbox 542 401 606 431; x_wconf 92' lang='grc' dir='ltr'><strong><em>σοι</em></strong></span> <span class='ocrx_word' id='word_1_16' title='bbox 630 387 699 430; x_wconf 81' lang='grc' dir='ltr'><strong><em>καὶ</em></strong></span> <span class='ocrx_word' id='word_1_17' title='bbox 724 388 973 442; x_wconf 80' lang='grc' dir='ltr'><strong><em>συνάρχοντα</em></strong></span> <span class='ocrx_word' id='word_1_18' title='bbox 998 388 1067 430; x_wconf 78' lang='grc' dir='ltr'><strong><em>καὶ</em></strong></span> <span class='ocrx_word' id='word_1_19' title='bbox 1093 388 1291 442; x_wconf 81' lang='grc' dir='ltr'><strong><em>δεσπότην</em></strong></span> <span class='ocrx_word' id='word_1_20' title='bbox 1314 387 1383 430; x_wconf 76' lang='grc' dir='ltr'><strong><em>καὶ</em></strong></span> <span class='ocrx_word' id='word_1_21' title='bbox 1408 388 1520 429; x_wconf 85' lang='grc' dir='ltr'><strong><em>διδά-</em></strong></span> 
     </span>
     <span class='ocr_line' id='line_1_4' title="bbox 149 453 1521 510; baseline -0.004 -10"><span class='ocrx_word' id='word_1_22' title='bbox 149 461 296 500; x_wconf 74' lang='grc' dir='ltr'><strong><em>σκαλον</em></strong></span> <span class='ocrx_word' id='word_1_23' title='bbox 315 453 377 506; x_wconf 82' lang='grc' dir='ltr'><strong><em>οἷς</em></strong></span> <span class='ocrx_word' id='word_1_24' title='bbox 395 472 435 498; x_wconf 89' lang='grc' dir='ltr'><strong><em>τε</em></strong></span> <span class='ocrx_word' id='word_1_25' title='bbox 460 457 641 508; x_wconf 78' lang='grc' dir='ltr'><strong><em>πράττεις</em></strong></span> <span class='ocrx_word' id='word_1_26' title='bbox 666 455 821 496; x_wconf 78' lang='grc' dir='ltr'><strong><em>ἐκεῖνον</em></strong></span> <span class='ocrx_word' id='word_1_27' title='bbox 845 454 1097 508; x_wconf 80' lang='grc' dir='ltr'><strong><em>ἐπιφημίζεις</em></strong></span> <span class='ocrx_word' id='word_1_28' title='bbox 1121 455 1190 496; x_wconf 80' lang='grc' dir='ltr'><strong><em>καὶ</em></strong></span> <span class='ocrx_word' id='word_1_29' title='bbox 1214 454 1314 510; x_wconf 89' lang='grc' dir='ltr'><strong><em>πρὸς</em></strong></span> <span class='ocrx_word' id='word_1_30' title='bbox 1338 455 1433 504; x_wconf 82' lang='grc' dir='ltr'><strong><em>τοὺς</em></strong></span> <span class='ocrx_word' id='word_1_31' title='bbox 1457 453 1521 494; x_wconf 80' lang='grc' dir='ltr'><strong><em>ἐν-</em></strong></span> 
     </span>
     <span class='ocr_line' id='line_1_5' title="bbox 149 515 1522 576; baseline -0.004 -10"><span class='ocrx_word' id='word_1_32' title='bbox 149 525 312 572; x_wconf 90' lang='grc' dir='ltr'><strong><em>αντίους</em></strong></span> <span class='ocrx_word' id='word_1_33' title='bbox 343 524 562 571; x_wconf 80' lang='grc' dir='ltr'><strong><em>πίπτοντας</em></strong></span> <span class='ocrx_word' id='word_1_34' title='bbox 593 520 733 576; x_wconf 81' lang='grc' dir='ltr'><strong><em>λέγεις·</em></strong></span> <span class='ocrx_word' id='word_1_35' title='bbox 772 521 818 560; x_wconf 87' lang='grc' dir='ltr'><strong><em>τί</em></strong></span> <span class='ocrx_word' id='word_1_36' title='bbox 852 515 893 561; x_wconf 79' lang='grc' dir='ltr'><strong><em>δ’</em></strong></span> <span class='ocrx_word' id='word_1_37' title='bbox 933 518 990 561; x_wconf 75' lang='grc' dir='ltr'><strong><em>ἂν</em></strong></span> <span class='ocrx_word' id='word_1_38' title='bbox 1027 519 1250 575; x_wconf 76' lang='grc' dir='ltr'><strong><em>ἐπάσχετε</em></strong></span> <span class='ocrx_word' id='word_1_39' title='bbox 1287 519 1522 575; x_wconf 87' lang='grc' dir='ltr'><strong><em>βασιλέως</em></strong></span> 
     </span>
     <span class='ocr_line' id='line_1_6' title="bbox 150 585 1577 643; baseline -0.003 -12"><span class='ocrx_word' id='word_1_40' title='bbox 150 588 408 643; x_wconf 88' lang='grc' dir='ltr'><strong><em>φανέντος;</em></strong></span> <span class='ocrx_word' id='word_1_41' title='bbox 462 591 498 628; x_wconf 84' lang='grc'><strong><em>7.</em></strong></span> <span class='ocrx_word' id='word_1_42' title='bbox 525 593 648 629; x_wconf 80' lang='grc' dir='ltr'><strong><em>ταῦτα</em></strong></span> <span class='ocrx_word' id='word_1_43' title='bbox 679 586 830 627; x_wconf 76' lang='grc' dir='ltr'><strong><em>ἐπαινῶ</em></strong></span> <span class='ocrx_word' id='word_1_44' title='bbox 864 585 931 626; x_wconf 81' lang='grc' dir='ltr'><strong><em>καὶ</em></strong></span> <span class='ocrx_word' id='word_1_45' title='bbox 962 587 1006 629; x_wconf 87' lang='grc' dir='ltr'><strong><em>τὸ</em></strong></span> <span class='ocrx_word' id='word_1_46' title='bbox 1038 586 1093 640; x_wconf 84' lang='grc' dir='ltr'><strong><em>μὴ</em></strong></span> <span class='ocrx_word' id='word_1_47' title='bbox 1126 587 1222 640; x_wconf 84' lang='grc' dir='ltr'><strong><em>μετὰ</em></strong></span> <span class='ocrx_word' id='word_1_48' title='bbox 1248 594 1318 641; x_wconf 83' lang='grc' dir='ltr'><strong><em>τῆς</em></strong></span> <span class='ocrx_word' id='word_1_49' title='bbox 1350 586 1521 640; x_wconf 78' lang='grc' dir='ltr'><strong><em>ἐσθῆτος</em></strong></span> <span class='ocrx_word' id='word_1_50' title='bbox 1560 601 1577 627; x_wconf 79' lang='lat'>⁵</span> 
     </span>
     <span class='ocr_line' id='line_1_7' title="bbox 149 648 1523 710; baseline -0.004 -13"><span class='ocrx_word' id='word_1_51' title='bbox 149 655 321 710; x_wconf 82' lang='grc' dir='ltr'><strong><em>ἀμεῖψαι</em></strong></span> <span class='ocrx_word' id='word_1_52' title='bbox 358 652 433 707; x_wconf 78' lang='grc' dir='ltr'><strong><em>τὴν</em></strong></span> <span class='ocrx_word' id='word_1_53' title='bbox 465 654 632 709; x_wconf 81' lang='grc' dir='ltr'><strong><em>γνώμην</em></strong></span> <span class='ocrx_word' id='word_1_54' title='bbox 663 648 759 707; x_wconf 88' lang='grc' dir='ltr'><strong><em>μηδ’</em></strong></span> <span class='ocrx_word' id='word_1_55' title='bbox 795 651 875 694; x_wconf 83' lang='grc' dir='ltr'><strong><em>ὑπὸ</em></strong></span> <span class='ocrx_word' id='word_1_56' title='bbox 907 659 978 705; x_wconf 82' lang='grc' dir='ltr'><strong><em>τῆς</em></strong></span> <span class='ocrx_word' id='word_1_57' title='bbox 1016 652 1199 702; x_wconf 80' lang='grc' dir='ltr'><strong><em>ἐξουσίας</em></strong></span> <span class='ocrx_word' id='word_1_58' title='bbox 1236 652 1418 707; x_wconf 79' lang='grc' dir='ltr'><strong><em>ἐκβαλεῖν</em></strong></span> <span class='ocrx_word' id='word_1_59' title='bbox 1448 652 1523 705; x_wconf 78' lang='grc' dir='ltr'><strong><em>τὴν</em></strong></span> 
     </span>
     <span class='ocr_line' id='line_1_8' title="bbox 150 718 1523 775; baseline -0.002 -12"><span class='ocrx_word' id='word_1_60' title='bbox 150 721 315 775; x_wconf 80' lang='grc' dir='ltr'><strong><em>μνήμην</em></strong></span> <span class='ocrx_word' id='word_1_61' title='bbox 347 726 426 761; x_wconf 82' lang='grc' dir='ltr'><strong><em>τῶν</em></strong></span> <span class='ocrx_word' id='word_1_62' title='bbox 459 720 601 772; x_wconf 89' lang='grc' dir='ltr'><strong><em>φίλων.</em></strong></span> <span class='ocrx_word' id='word_1_63' title='bbox 646 719 716 759; x_wconf 80' lang='grc' dir='ltr'><strong><em>καί</em></strong></span> <span class='ocrx_word' id='word_1_64' title='bbox 747 730 812 759; x_wconf 95' lang='grc' dir='ltr'><strong><em>σοι</em></strong></span> <span class='ocrx_word' id='word_1_65' title='bbox 842 718 968 759; x_wconf 81' lang='grc' dir='ltr'><strong><em>πολλὰ</em></strong></span> <span class='ocrx_word' id='word_1_66' title='bbox 1003 718 1142 774; x_wconf 80' lang='grc' dir='ltr'><strong><em>ἀγαθὰ</em></strong></span> <span class='ocrx_word' id='word_1_67' title='bbox 1175 718 1350 774; x_wconf 75' lang='grc' dir='ltr'><strong><em>γένοιτο,</em></strong></span> <span class='ocrx_word' id='word_1_68' title='bbox 1386 719 1445 760; x_wconf 80' lang='grc' dir='ltr'><strong><em>ὅτι</em></strong></span> <span class='ocrx_word' id='word_1_69' title='bbox 1476 734 1523 772; x_wconf 92' lang='grc' dir='ltr'><strong><em>με</em></strong></span> 
     </span>
     <span class='ocr_line' id='line_1_9' title="bbox 147 784 1523 839; baseline -0.002 -10"><span class='ocrx_word' id='word_1_70' title='bbox 147 787 218 829; x_wconf 86' lang='grc' dir='ltr'><strong><em>τὸν</em></strong></span> <span class='ocrx_word' id='word_1_71' title='bbox 244 786 487 829; x_wconf 77' lang='grc' dir='ltr'><strong><em>ἐπαινοῦντα</em></strong></span> <span class='ocrx_word' id='word_1_72' title='bbox 511 785 586 838; x_wconf 89' lang='grc' dir='ltr'><strong><em>τὴν</em></strong></span> <span class='ocrx_word' id='word_1_73' title='bbox 612 784 689 838; x_wconf 80' lang='grc' dir='ltr'><strong><em>σὴν</em></strong></span> <span class='ocrx_word' id='word_1_74' title='bbox 716 785 842 837; x_wconf 87' lang='grc' dir='ltr'><strong><em>φύσιν</em></strong></span> <span class='ocrx_word' id='word_1_75' title='bbox 875 785 923 826; x_wconf 80' lang='grc' dir='ltr'><strong><em>οὐ</em></strong></span> <span class='ocrx_word' id='word_1_76' title='bbox 955 786 1136 837; x_wconf 85' lang='grc' dir='ltr'><strong><em>ψεύστην</em></strong></span> <span class='ocrx_word' id='word_1_77' title='bbox 1161 784 1394 838; x_wconf 79' lang='grc' dir='ltr'><strong><em>ἀπέφηνας,</em></strong></span> <span class='ocrx_word' id='word_1_78' title='bbox 1425 789 1523 839; x_wconf 83' lang='grc' dir='ltr'><strong><em>μᾶλ-</em></strong></span> 
     </span>
     <span class='ocr_line' id='line_1_10' title="bbox 147 850 1523 905; baseline -0.001 -10"><span class='ocrx_word' id='word_1_79' title='bbox 147 857 220 895; x_wconf 92' lang='grc' dir='ltr'><strong><em>λον</em></strong></span> <span class='ocrx_word' id='word_1_80' title='bbox 245 852 308 905; x_wconf 86' lang='grc' dir='ltr'><strong><em>δέ,</em></strong></span> <span class='ocrx_word' id='word_1_81' title='bbox 334 852 394 894; x_wconf 80' lang='grc' dir='ltr'><strong><em>ὅτι</em></strong></span> <span class='ocrx_word' id='word_1_82' title='bbox 424 853 607 904; x_wconf 83' lang='grc' dir='ltr'><strong><em>ψεύστην</em></strong></span> <span class='ocrx_word' id='word_1_83' title='bbox 631 850 845 903; x_wconf 82' lang='grc' dir='ltr'><strong><em>ἀπέφηνας</em></strong></span> <span class='ocrx_word' id='word_1_84' title='bbox 878 850 999 892; x_wconf 81' lang='grc' dir='ltr'><strong><em>οὐδὲν</em></strong></span> <span class='ocrx_word' id='word_1_85' title='bbox 1023 851 1188 893; x_wconf 81' lang='grc' dir='ltr'><strong><em>εἰπόντα</em></strong></span> <span class='ocrx_word' id='word_1_86' title='bbox 1211 858 1404 893; x_wconf 86' lang='grc' dir='ltr'><strong><em>τοσοῦτον</em></strong></span> <span class='ocrx_word' id='word_1_87' title='bbox 1429 851 1523 894; x_wconf 86' lang='grc' dir='ltr'><strong><em>ὁπό-</em></strong></span> 
     </span>
     <span class='ocr_line' id='line_1_11' title="bbox 151 916 1580 972; baseline -0.003 -11"><span class='ocrx_word' id='word_1_88' title='bbox 151 933 223 961; x_wconf 89' lang='grc' dir='ltr'><strong><em>σον</em></strong></span> <span class='ocrx_word' id='word_1_89' title='bbox 254 919 415 969; x_wconf 78' lang='grc' dir='ltr'><strong><em>ἔδειξας.</em></strong></span> <span class='ocrx_word' id='word_1_90' title='bbox 469 921 507 959; x_wconf 91' lang='grc'><strong><em>8.</em></strong></span> <span class='ocrx_word' id='word_1_91' title='bbox 540 917 667 959; x_wconf 80' lang='grc' dir='ltr'><strong><em>ἐκεῖνό</em></strong></span> <span class='ocrx_word' id='word_1_92' title='bbox 698 933 742 972; x_wconf 74' lang='grc' dir='ltr'><strong><em>γε</em></strong></span> <span class='ocrx_word' id='word_1_93' title='bbox 774 917 856 970; x_wconf 81' lang='grc' dir='ltr'><strong><em>μὴν</em></strong></span> <span class='ocrx_word' id='word_1_94' title='bbox 887 917 960 958; x_wconf 90' lang='grc' dir='ltr'><strong><em>σὸν</em></strong></span> <span class='ocrx_word' id='word_1_95' title='bbox 986 916 1156 971; x_wconf 84' lang='grc' dir='ltr'><strong><em>ἀτεχνῶς</em></strong></span> <span class='ocrx_word' id='word_1_96' title='bbox 1187 917 1255 958; x_wconf 84' lang='grc' dir='ltr'><strong><em>καὶ</em></strong></span> <span class='ocrx_word' id='word_1_97' title='bbox 1285 917 1325 967; x_wconf 77' lang='grc' dir='ltr'><strong><em>ἐξ</em></strong></span> <span class='ocrx_word' id='word_1_98' title='bbox 1358 917 1523 967; x_wconf 79' lang='grc' dir='ltr'><strong><em>οὐδενὸς</em></strong></span> <span class='ocrx_word' id='word_1_99' title='bbox 1545 931 1580 957; x_wconf 87' lang='grc' dir='ltr'><strong><em>ιο</em></strong></span> 
     </span>
     <span class='ocr_line' id='line_1_12' title="bbox 149 981 1524 1040; baseline -0.002 -14"><span class='ocrx_word' id='word_1_100' title='bbox 149 986 468 1040; x_wconf 83' lang='grc' dir='ltr'><strong><em>παραδείγματος</em></strong></span> <span class='ocrx_word' id='word_1_101' title='bbox 494 983 687 1038; x_wconf 83' lang='grc' dir='ltr'><strong><em>ὁρμηθέν.</em></strong></span> <span class='ocrx_word' id='word_1_102' title='bbox 714 989 793 1024; x_wconf 86' lang='grc' dir='ltr'><strong><em>τῶν</em></strong></span> <span class='ocrx_word' id='word_1_103' title='bbox 812 982 888 1038; x_wconf 72' lang='grc' dir='ltr'><strong><em>γὰρ</em></strong></span> <span class='ocrx_word' id='word_1_104' title='bbox 913 982 1044 1023; x_wconf 74' lang='grc' dir='ltr'><strong><em>ἄλλων</em></strong></span> <span class='ocrx_word' id='word_1_105' title='bbox 1064 981 1167 1036; x_wconf 82' lang='grc' dir='ltr'><strong><em>ὁμοῦ</em></strong></span> <span class='ocrx_word' id='word_1_106' title='bbox 1186 989 1234 1040; x_wconf 77' lang='grc' dir='ltr'><strong><em>τῇ</em></strong></span> <span class='ocrx_word' id='word_1_107' title='bbox 1260 983 1439 1040; x_wconf 74' lang='grc' dir='ltr'><strong><em>βασιλείᾳ</em></strong></span> <span class='ocrx_word' id='word_1_108' title='bbox 1464 984 1524 1024; x_wconf 79' lang='grc' dir='ltr'><strong><em>δε·</em></strong></span> 
     </span>
     <span class='ocr_line' id='line_1_13' title="bbox 150 1048 1523 1106; baseline -0.001 -13"><span class='ocrx_word' id='word_1_109' title='bbox 150 1051 330 1106; x_wconf 80' lang='grc' dir='ltr'><strong><em>χομένων</em></strong></span> <span class='ocrx_word' id='word_1_110' title='bbox 355 1050 423 1091; x_wconf 84' lang='grc' dir='ltr'><strong><em>καὶ</em></strong></span> <span class='ocrx_word' id='word_1_111' title='bbox 455 1050 667 1105; x_wconf 87' lang='grc' dir='ltr'><strong><em>χρημάτων</em></strong></span> <span class='ocrx_word' id='word_1_112' title='bbox 693 1050 818 1104; x_wconf 79' lang='grc' dir='ltr'><strong><em>ἔρωτα</em></strong></span> <span class='ocrx_word' id='word_1_113' title='bbox 843 1049 912 1090; x_wconf 84' lang='grc' dir='ltr'><strong><em>καὶ</em></strong></span> <span class='ocrx_word' id='word_1_114' title='bbox 935 1055 1015 1089; x_wconf 85' lang='grc' dir='ltr'><strong><em>τῶν</em></strong></span> <span class='ocrx_word' id='word_1_115' title='bbox 1041 1048 1124 1102; x_wconf 86' lang='grc' dir='ltr'><strong><em>μέν,</em></strong></span> <span class='ocrx_word' id='word_1_116' title='bbox 1150 1049 1188 1090; x_wconf 84' lang='grc' dir='ltr'><strong><em>εἰ</em></strong></span> <span class='ocrx_word' id='word_1_117' title='bbox 1212 1048 1279 1089; x_wconf 84' lang='grc' dir='ltr'><strong><em>καὶ</em></strong></span> <span class='ocrx_word' id='word_1_118' title='bbox 1305 1049 1359 1102; x_wconf 79' lang='grc' dir='ltr'><strong><em>μὴ</em></strong></span> <span class='ocrx_word' id='word_1_119' title='bbox 1385 1050 1523 1102; x_wconf 87' lang='grc' dir='ltr'><strong><em>πρότε-</em></strong></span> 
     </span>
     <span class='ocr_line' id='line_1_14' title="bbox 150 1111 1525 1172; baseline -0.003 -13"><span class='ocrx_word' id='word_1_120' title='bbox 150 1133 225 1172; x_wconf 90' lang='grc' dir='ltr'><strong><em>ρον</em></strong></span> <span class='ocrx_word' id='word_1_121' title='bbox 259 1117 508 1170; x_wconf 81' lang='grc' dir='ltr'><strong><em>ἐπεθύμουν,</em></strong></span> <span class='ocrx_word' id='word_1_122' title='bbox 543 1115 774 1171; x_wconf 76' lang='grc' dir='ltr'><strong><em>ἀρχομένων</em></strong></span> <span class='ocrx_word' id='word_1_123' title='bbox 807 1115 918 1170; x_wconf 76' lang='grc' dir='ltr'><strong><em>ἐρᾶν,</em></strong></span> <span class='ocrx_word' id='word_1_124' title='bbox 951 1121 1031 1156; x_wconf 85' lang='grc' dir='ltr'><strong><em>τῶν</em></strong></span> <span class='ocrx_word' id='word_1_125' title='bbox 1057 1111 1095 1155; x_wconf 84' lang='grc' dir='ltr'><strong><em>δ’</em></strong></span> <span class='ocrx_word' id='word_1_126' title='bbox 1125 1114 1403 1156; x_wconf 83' lang='grc' dir='ltr'><strong><em>ἐπιτεινόντων</em></strong></span> <span class='ocrx_word' id='word_1_127' title='bbox 1426 1131 1525 1171; x_wconf 90' lang='grc' dir='ltr'><strong><em>προ-</em></strong></span> 
     </span>
     <span class='ocr_line' id='line_1_15' title="bbox 151 1181 1525 1237; baseline -0.003 -11"><span class='ocrx_word' id='word_1_128' title='bbox 151 1190 340 1226; x_wconf 84' lang='grc' dir='ltr'><strong><em>ενοικοῦν</em></strong></span> <span class='ocrx_word' id='word_1_129' title='bbox 362 1182 406 1223; x_wconf 89' lang='grc' dir='ltr'><strong><em>τὸ</em></strong></span> <span class='ocrx_word' id='word_1_130' title='bbox 431 1183 568 1231; x_wconf 85' lang='grc' dir='ltr'><strong><em>πάθος</em></strong></span> <span class='ocrx_word' id='word_1_131' title='bbox 593 1181 644 1222; x_wconf 82' lang='grc' dir='ltr'><strong><em>σὺ</em></strong></span> <span class='ocrx_word' id='word_1_132' title='bbox 669 1182 796 1235; x_wconf 87' lang='grc' dir='ltr'><strong><em>μόνος</em></strong></span> <span class='ocrx_word' id='word_1_133' title='bbox 820 1181 864 1223; x_wconf 81' lang='grc' dir='ltr'><strong><em>ἐν</em></strong></span> <span class='ocrx_word' id='word_1_134' title='bbox 890 1182 1102 1237; x_wconf 75' lang='grc' dir='ltr'><strong><em>δυναστείᾳ</em></strong></span> <span class='ocrx_word' id='word_1_135' title='bbox 1127 1181 1322 1230; x_wconf 86' lang='grc' dir='ltr'><strong><em>καταστὰς</em></strong></span> <span class='ocrx_word' id='word_1_136' title='bbox 1345 1188 1425 1222; x_wconf 82' lang='grc' dir='ltr'><strong><em>τῶν</em></strong></span> <span class='ocrx_word' id='word_1_137' title='bbox 1449 1196 1525 1222; x_wconf 89' lang='grc' dir='ltr'><strong><em>πα-</em></strong></span> 
     </span>
     <span class='ocr_line' id='line_1_16' title="bbox 151 1245 1581 1307; baseline -0.002 -16"><span class='ocrx_word' id='word_1_138' title='bbox 151 1245 288 1307; x_wconf 72' lang='grc' dir='ltr'><strong><em>τρῴων</em></strong></span> <span class='ocrx_word' id='word_1_139' title='bbox 313 1247 485 1300; x_wconf 79' lang='grc' dir='ltr'><strong><em>ἀπέστης</em></strong></span> <span class='ocrx_word' id='word_1_140' title='bbox 510 1253 598 1297; x_wconf 84' lang='grc' dir='ltr'><strong><em>τοῖς</em></strong></span> <span class='ocrx_word' id='word_1_141' title='bbox 622 1249 840 1302; x_wconf 83' lang='grc' dir='ltr'><strong><em>γνωρίμοις</em></strong></span> <span class='ocrx_word' id='word_1_142' title='bbox 865 1251 918 1304; x_wconf 82' lang='grc' dir='ltr'><strong><em>τῷ</em></strong></span> <span class='ocrx_word' id='word_1_143' title='bbox 939 1247 1013 1301; x_wconf 82' lang='grc' dir='ltr'><strong><em>μὲν</em></strong></span> <span class='ocrx_word' id='word_1_144' title='bbox 1047 1248 1180 1288; x_wconf 83' lang='grc' dir='ltr'><strong><em>οἰκίαν</em></strong></span> <span class='ocrx_word' id='word_1_145' title='bbox 1206 1248 1365 1299; x_wconf 89' lang='grc' dir='ltr'><strong><em>διδούς,</em></strong></span> <span class='ocrx_word' id='word_1_146' title='bbox 1397 1252 1450 1305; x_wconf 82' lang='grc' dir='ltr'><strong><em>τῷ</em></strong></span> <span class='ocrx_word' id='word_1_147' title='bbox 1483 1246 1526 1289; x_wconf 80' lang='grc' dir='ltr'><strong><em>δὲ</em></strong></span> <span class='ocrx_word' id='word_1_148' title='bbox 1548 1262 1581 1288; x_wconf 75' lang='lat'><strong><em>1⁶</em></strong></span> 
     </span>
     <span class='ocr_line' id='line_1_17' title="bbox 153 1313 1526 1372; baseline -0.004 -14"><span class='ocrx_word' id='word_1_149' title='bbox 153 1315 405 1370; x_wconf 78' lang='grc' dir='ltr'><strong><em>ἀνδράποδα,</em></strong></span> <span class='ocrx_word' id='word_1_150' title='bbox 430 1322 509 1369; x_wconf 80' lang='grc' dir='ltr'><strong><em>γῆν</em></strong></span> <span class='ocrx_word' id='word_1_151' title='bbox 533 1313 662 1372; x_wconf 79' lang='grc' dir='ltr'><strong><em>ἑτέρῳ,</em></strong></span> <span class='ocrx_word' id='word_1_152' title='bbox 686 1315 851 1369; x_wconf 85' lang='grc' dir='ltr'><strong><em>χρυσίον</em></strong></span> <span class='ocrx_word' id='word_1_153' title='bbox 875 1313 994 1370; x_wconf 74' lang='grc' dir='ltr'><strong><em>ἄλλῳ,</em></strong></span> <span class='ocrx_word' id='word_1_154' title='bbox 1019 1313 1087 1354; x_wconf 85' lang='grc' dir='ltr'><strong><em>καὶ</em></strong></span> <span class='ocrx_word' id='word_1_155' title='bbox 1112 1314 1340 1368; x_wconf 85' lang='grc' dir='ltr'><strong><em>διεδείχθης</em></strong></span> <span class='ocrx_word' id='word_1_156' title='bbox 1366 1314 1526 1366; x_wconf 87' lang='grc' dir='ltr'><strong><em>ἰδιώτης</em></strong></span> 
     </span>
     <span class='ocr_line' id='line_1_18' title="bbox 153 1379 1528 1436; baseline -0.003 -13"><span class='ocrx_word' id='word_1_157' title='bbox 153 1386 303 1436; x_wconf 81' lang='grc' dir='ltr'><strong><em>μᾶλλον</em></strong></span> <span class='ocrx_word' id='word_1_158' title='bbox 327 1380 354 1435; x_wconf 78' lang='grc' dir='ltr'>ἢ</span> <span class='ocrx_word' id='word_1_159' title='bbox 391 1381 577 1435; x_wconf 87' lang='grc' dir='ltr'><strong><em>βασιλεὺς</em></strong></span> <span class='ocrx_word' id='word_1_160' title='bbox 610 1380 793 1434; x_wconf 81' lang='grc' dir='ltr'><strong><em>εὔπορος.</em></strong></span> <span class='ocrx_word' id='word_1_161' title='bbox 846 1383 883 1421; x_wconf 90' lang='grc'><strong><em>9.</em></strong></span> <span class='ocrx_word' id='word_1_162' title='bbox 908 1379 978 1421; x_wconf 84' lang='grc' dir='ltr'><strong><em>καὶ</em></strong></span> <span class='ocrx_word' id='word_1_163' title='bbox 1012 1379 1067 1432; x_wconf 84' lang='grc' dir='ltr'><strong><em>μή</em></strong></span> <span class='ocrx_word' id='word_1_164' title='bbox 1103 1395 1150 1432; x_wconf 89' lang='grc' dir='ltr'><strong><em>με</em></strong></span> <span class='ocrx_word' id='word_1_165' title='bbox 1177 1380 1266 1421; x_wconf 85' lang='grc' dir='ltr'><strong><em>οἴου</em></strong></span> <span class='ocrx_word' id='word_1_166' title='bbox 1291 1386 1371 1420; x_wconf 84' lang='grc' dir='ltr'><strong><em>τῶν</em></strong></span> <span class='ocrx_word' id='word_1_167' title='bbox 1397 1380 1528 1432; x_wconf 87' lang='grc' dir='ltr'><strong><em>φίλων</em></strong></span> 
     </span>
     <span class='ocr_line' id='line_1_19' title="bbox 152 1443 1528 1500; baseline -0.001 -11"><span class='ocrx_word' id='word_1_168' title='bbox 152 1447 375 1498; x_wconf 77' lang='grc' dir='ltr'><strong><em>ἐξελαύνειν</em></strong></span> <span class='ocrx_word' id='word_1_169' title='bbox 400 1447 588 1500; x_wconf 76' lang='grc' dir='ltr'><strong><em>ἐμαυτόν,</em></strong></span> <span class='ocrx_word' id='word_1_170' title='bbox 614 1446 674 1487; x_wconf 82' lang='grc' dir='ltr'><strong><em>ὅτι</em></strong></span> <span class='ocrx_word' id='word_1_171' title='bbox 700 1447 754 1500; x_wconf 80' lang='grc' dir='ltr'><strong><em>μὴ</em></strong></span> <span class='ocrx_word' id='word_1_172' title='bbox 781 1453 861 1487; x_wconf 86' lang='grc' dir='ltr'><strong><em>τῶν</em></strong></span> <span class='ocrx_word' id='word_1_173' title='bbox 879 1446 1104 1500; x_wconf 87' lang='grc' dir='ltr'><strong><em>εἰληφότων</em></strong></span> <span class='ocrx_word' id='word_1_174' title='bbox 1123 1443 1179 1496; x_wconf 82' lang='grc' dir='ltr'><strong><em>εἷς</em></strong></span> <span class='ocrx_word' id='word_1_175' title='bbox 1199 1446 1267 1487; x_wconf 82' lang='grc' dir='ltr'><strong><em>καὶ</em></strong></span> <span class='ocrx_word' id='word_1_176' title='bbox 1292 1447 1422 1496; x_wconf 85' lang='grc' dir='ltr'><strong><em>αὐτός.</em></strong></span> <span class='ocrx_word' id='word_1_177' title='bbox 1453 1446 1528 1500; x_wconf 70' lang='grc' dir='ltr'><strong><em>ἔχω</em></strong></span> 
     </span>
     <span class='ocr_line' id='line_1_20' title="bbox 152 1509 1526 1570; baseline -0.002 -14"><span class='ocrx_word' id='word_1_178' title='bbox 152 1514 228 1570; x_wconf 79' lang='grc' dir='ltr'><strong><em>γὰρ</em></strong></span> <span class='ocrx_word' id='word_1_179' title='bbox 253 1515 393 1564; x_wconf 84' lang='grc' dir='ltr'><strong><em>εἰπεῖν,</em></strong></span> <span class='ocrx_word' id='word_1_180' title='bbox 419 1509 517 1554; x_wconf 83' lang='grc' dir='ltr'><strong><em>ἀνθ’</em></strong></span> <span class='ocrx_word' id='word_1_181' title='bbox 549 1514 643 1554; x_wconf 81' lang='grc' dir='ltr'><strong><em>ὅτου</em></strong></span> <span class='ocrx_word' id='word_1_182' title='bbox 670 1513 794 1566; x_wconf 87' lang='grc' dir='ltr'><strong><em>μόνος</em></strong></span> <span class='ocrx_word' id='word_1_183' title='bbox 819 1513 895 1554; x_wconf 79' lang='grc' dir='ltr'><strong><em>οὐκ</em></strong></span> <span class='ocrx_word' id='word_1_184' title='bbox 926 1512 1011 1567; x_wconf 77' lang='grc' dir='ltr'><strong><em>ἔχω.</em></strong></span> <span class='ocrx_word' id='word_1_185' title='bbox 1056 1513 1107 1554; x_wconf 89' lang='grc' dir='ltr'><strong><em>σὺ</em></strong></span> <span class='ocrx_word' id='word_1_186' title='bbox 1132 1516 1218 1562; x_wconf 85' lang='grc' dir='ltr'><strong><em>ταῖς</em></strong></span> <span class='ocrx_word' id='word_1_187' title='bbox 1248 1513 1384 1554; x_wconf 87' lang='grc' dir='ltr'><strong><em>πόλεσι</em></strong></span> <span class='ocrx_word' id='word_1_188' title='bbox 1409 1513 1457 1553; x_wconf 93' lang='grc' dir='ltr'><strong><em>τά</em></strong></span> <span class='ocrx_word' id='word_1_189' title='bbox 1489 1528 1526 1553; x_wconf 78' lang='grc' dir='ltr'><strong><em>τε·</em></strong></span> 
     </span>
     <span class='ocr_line' id='line_1_21' title="bbox 153 1574 1585 1634; baseline -0.003 -13"><span class='ocrx_word' id='word_1_190' title='bbox 153 1579 250 1621; x_wconf 77' lang='grc' dir='ltr'><strong><em>ἄλλα</em></strong></span> <span class='ocrx_word' id='word_1_191' title='bbox 282 1575 436 1634; x_wconf 81' lang='grc' dir='ltr'><strong><em>βούλοι’</em></strong></span> <span class='ocrx_word' id='word_1_192' title='bbox 465 1579 517 1621; x_wconf 67' lang='grc' dir='ltr'><strong><em>ἂν</em></strong></span> <span class='ocrx_word' id='word_1_193' title='bbox 542 1576 665 1632; x_wconf 85' lang='grc' dir='ltr'><strong><em>εἶναι,</em></strong></span> <span class='ocrx_word' id='word_1_194' title='bbox 699 1575 754 1619; x_wconf 87' lang='grc' dir='ltr'><strong><em>δι’</em></strong></span> <span class='ocrx_word' id='word_1_195' title='bbox 785 1574 841 1620; x_wconf 80' lang='grc' dir='ltr'><strong><em>ὧν</em></strong></span> <span class='ocrx_word' id='word_1_196' title='bbox 872 1579 1158 1633; x_wconf 80' lang='grc' dir='ltr'><strong><em>εὐδαιμονοῦσι</em></strong></span> <span class='ocrx_word' id='word_1_197' title='bbox 1189 1580 1342 1632; x_wconf 87' lang='grc' dir='ltr'><strong><em>πόλεις,</em></strong></span> <span class='ocrx_word' id='word_1_198' title='bbox 1374 1577 1443 1620; x_wconf 81' lang='grc' dir='ltr'><strong><em>καὶ</em></strong></span> <span class='ocrx_word' id='word_1_199' title='bbox 1476 1579 1526 1630; x_wconf 83' lang='grc' dir='ltr'><strong><em>δὴ</em></strong></span> <span class='ocrx_word' id='word_1_200' title='bbox 1548 1591 1585 1617; x_wconf 77' lang='lat'><strong><em>20</em></strong></span> 
     </span>
     <span class='ocr_line' id='line_1_22' title="bbox 154 1644 1527 1702; baseline -0.002 -14"><span class='ocrx_word' id='word_1_201' title='bbox 154 1646 223 1688; x_wconf 78' lang='grc' dir='ltr'><strong><em>καὶ</em></strong></span> <span class='ocrx_word' id='word_1_202' title='bbox 254 1647 383 1701; x_wconf 84' lang='grc' dir='ltr'><strong><em>λόγων</em></strong></span> <span class='ocrx_word' id='word_1_203' title='bbox 417 1646 532 1700; x_wconf 84' lang='grc' dir='ltr'><strong><em>ἰσχὺν</em></strong></span> <span class='ocrx_word' id='word_1_204' title='bbox 557 1645 673 1694; x_wconf 88' lang='grc' dir='ltr'><strong><em>εἰδὼς</em></strong></span> <span class='ocrx_word' id='word_1_205' title='bbox 711 1645 792 1696; x_wconf 80' lang='grc' dir='ltr'><strong><em>ὅτι,</em></strong></span> <span class='ocrx_word' id='word_1_206' title='bbox 822 1645 989 1694; x_wconf 90' lang='grc' dir='ltr'><strong><em>τούτους</em></strong></span> <span class='ocrx_word' id='word_1_207' title='bbox 1021 1644 1072 1686; x_wconf 77' lang='grc' dir='ltr'><strong><em>ἂν</em></strong></span> <span class='ocrx_word' id='word_1_208' title='bbox 1098 1645 1220 1702; x_wconf 79' lang='grc' dir='ltr'><strong><em>σβέσῃ</em></strong></span> <span class='ocrx_word' id='word_1_209' title='bbox 1246 1661 1325 1698; x_wconf 87' lang='grc' dir='ltr'><strong><em>τις,</em></strong></span> <span class='ocrx_word' id='word_1_210' title='bbox 1350 1645 1408 1694; x_wconf 84' lang='grc' dir='ltr'><strong><em>εἰς</em></strong></span> <span class='ocrx_word' id='word_1_211' title='bbox 1440 1645 1527 1685; x_wconf 86' lang='grc' dir='ltr'><strong><em>ἴσον</em></strong></span> 
     </span>
    </p>
   </div>
   <div class='ocr_carea' id='block_1_3' title="bbox 152 1746 444 1752">
    <p class='ocr_par' dir='ltr' id='par_1_3' title="bbox 152 1746 444 1752">
     <span class='ocr_line' id='line_1_23' title="bbox 152 1746 444 1752; baseline 0 0"><span class='ocrx_word' id='word_1_212' title='bbox 152 1746 444 1752; x_wconf 95' lang='lat' dir='ltr'><strong><em> </em></strong></span> 
     </span>
    </p>
   </div>
   <div class='ocr_carea' id='block_1_4' title="bbox 155 1807 1535 2434">
    <p class='ocr_par' dir='ltr' id='par_1_4' title="bbox 155 1807 1532 2048">
     <span class='ocr_line' id='line_1_24' title="bbox 236 1807 1531 1856; baseline -0.002 -10"><span class='ocrx_word' id='word_1_213' title='bbox 236 1815 255 1846; x_wconf 93' lang='grc'>1</span> <span class='ocrx_word' id='word_1_214' title='bbox 282 1809 503 1856; x_wconf 78' lang='grc' dir='ltr'><strong><em>παρέδωκεν</em></strong></span> <span class='ocrx_word' id='word_1_215' title='bbox 529 1809 639 1845; x_wconf 85' lang='lat' dir='ltr'>Wolf</span> <span class='ocrx_word' id='word_1_216' title='bbox 658 1810 707 1845; x_wconf 88' lang='lat' dir='ltr'><strong><em>ed</em></strong></span> <span class='ocrx_word' id='word_1_217' title='bbox 728 1811 735 1856; x_wconf 77' lang='grc' dir='ltr'>Ι</span> <span class='ocrx_word' id='word_1_218' title='bbox 756 1809 850 1846; x_wconf 81' lang='grc' dir='ltr'><strong><em>ἀλλὰ</em></strong></span> <span class='ocrx_word' id='word_1_219' title='bbox 874 1807 941 1846; x_wconf 82' lang='grc' dir='ltr'><strong><em>τὸν</em></strong></span> <span class='ocrx_word' id='word_1_220' title='bbox 976 1809 1094 1845; x_wconf 84' lang='grc' dir='ltr'><strong><em>αὐτὸν</em></strong></span> <span class='ocrx_word' id='word_1_221' title='bbox 1125 1809 1289 1856; x_wconf 80' lang='grc' dir='ltr'><strong><em>ἀνεψιὸν</em></strong></span> <span class='ocrx_word' id='word_1_222' title='bbox 1320 1808 1531 1856; x_wconf 75' lang='grc' dir='ltr'><strong><em>ἡγούμενος</em></strong></span> 
     </span>
     <span class='ocr_line' id='line_1_25' title="bbox 156 1853 1530 1905; baseline -0.002 -10"><span class='ocrx_word' id='word_1_223' title='bbox 156 1855 257 1895; x_wconf 80' lang='grc' dir='ltr'><strong><em>εἶναι</em></strong></span> <span class='ocrx_word' id='word_1_224' title='bbox 282 1870 342 1895; x_wconf 90' lang='grc' dir='ltr'><strong><em>σοι</em></strong></span> <span class='ocrx_word' id='word_1_225' title='bbox 367 1858 396 1895; x_wconf 83' lang='lat' dir='ltr'><strong><em>S</em></strong></span> <span class='ocrx_word' id='word_1_226' title='bbox 420 1858 486 1894; x_wconf 76' lang='lat' dir='ltr'><strong><em>sed</em></strong></span> <span class='ocrx_word' id='word_1_227' title='bbox 512 1871 556 1905; x_wconf 78' lang='grc' dir='ltr'><strong><em>γρ</em></strong></span> <span class='ocrx_word' id='word_1_228' title='bbox 590 1855 671 1893; x_wconf 79' lang='grc' dir='ltr'><strong><em>ἀλλ’</em></strong></span> <span class='ocrx_word' id='word_1_229' title='bbox 694 1857 902 1904; x_wconf 77' lang='grc' dir='ltr'><strong><em>ἡγούμενος</em></strong></span> <span class='ocrx_word' id='word_1_230' title='bbox 931 1857 998 1893; x_wconf 89' lang='grc' dir='ltr'><strong><em>τὸν</em></strong></span> <span class='ocrx_word' id='word_1_231' title='bbox 1031 1857 1149 1893; x_wconf 81' lang='grc' dir='ltr'><strong><em>αὐτὸν</em></strong></span> <span class='ocrx_word' id='word_1_232' title='bbox 1175 1855 1340 1901; x_wconf 81' lang='grc' dir='ltr'><strong><em>ἀνεψιόν</em></strong></span> <span class='ocrx_word' id='word_1_233' title='bbox 1364 1869 1405 1893; x_wconf 83' lang='grc' dir='ltr'><strong><em>τε</em></strong></span> <span class='ocrx_word' id='word_1_234' title='bbox 1430 1853 1530 1893; x_wconf 83' lang='grc' dir='ltr'><strong><em>εἷναί</em></strong></span> 
     </span>
     <span class='ocr_line' id='line_1_26' title="bbox 155 1904 1532 2000; baseline 0 -10"><span class='ocrx_word' id='word_1_235' title='bbox 155 1906 426 1991; x_wconf 45' lang='lat' dir='ltr'><strong><em>zama</em></strong></span> <span class='ocrx_word' id='word_1_236' title='bbox 452 1906 500 1989; x_wconf 72' lang='grc' dir='ltr'><strong><em>ε</em></strong></span> <span class='ocrx_word' id='word_1_237' title='bbox 535 1903 796 1991; x_wconf 53' lang='grc' dir='ltr'><strong><em>ειειιι</em></strong></span> <span class='ocrx_word' id='word_1_238' title='bbox 810 1904 1076 2000; x_wconf 61' lang='grc' dir='ltr'><strong><em>7ξιῑεεξτ</em></strong></span> <span class='ocrx_word' id='word_1_239' title='bbox 1105 1904 1532 1990; x_wconf 65' lang='grc' dir='ltr'><strong><em>ιτεξιιιτι-τιεε</em></strong></span> 
     </span>
     <span class='ocr_line' id='line_1_27' title="bbox 157 1964 1530 2048; baseline -0.002 -9"><span class='ocrx_word' id='word_1_240' title='bbox 157 2003 237 2040; x_wconf 80' lang='lat' dir='ltr'><strong><em>cod.</em></strong></span> <span class='ocrx_word' id='word_1_241' title='bbox 262 2003 353 2039; x_wconf 84' lang='lat' dir='ltr'><strong><em>Par.</em></strong></span> <span class='ocrx_word' id='word_1_242' title='bbox 375 2006 475 2039; x_wconf 88' lang='lat'><em>1000</em></span> <span class='ocrx_word' id='word_1_243' title='bbox 501 1968 682 2048; x_wconf 50' lang='grc' dir='ltr'><strong><em>ἵὲγαθὰι*</em></strong></span> <span class='ocrx_word' id='word_1_244' title='bbox 709 1967 979 2038; x_wconf 55' lang='grc' dir='ltr'><strong><em>Βοίἕεοηειᾱίυε</em></strong></span> <span class='ocrx_word' id='word_1_245' title='bbox 1006 1964 1187 2038; x_wconf 46' lang='grc' dir='ltr'><strong><em>ΡεεΠῗῙέἰοο</em></strong></span> <span class='ocrx_word' id='word_1_246' title='bbox 1206 2011 1308 2048; x_wconf 83' lang='lat' dir='ltr'><strong>oper.</strong></span> <span class='ocrx_word' id='word_1_247' title='bbox 1323 1964 1444 2037; x_wconf 56' lang='grc' dir='ltr'><strong><em>ἀέξω.</em></strong></span> <span class='ocrx_word' id='word_1_248' title='bbox 1459 2005 1530 2036; x_wconf 77' lang='lat'><strong><em>243</em></strong></span> 
     </span>
    </p>

    <p class='ocr_par' dir='ltr' id='par_1_5' title="bbox 158 2047 1535 2434">
     <span class='ocr_line' id='line_1_28' title="bbox 1135 2047 1531 2096; baseline 0 -11"><span class='ocrx_word' id='word_1_249' title='bbox 1135 2063 1180 2096; x_wconf 71' lang='grc' dir='ltr'><strong><em>γρ</em></strong></span> <span class='ocrx_word' id='word_1_250' title='bbox 1194 2055 1374 2086; x_wconf 85' lang='grc' dir='ltr'><strong><em>τοσοῦτον</em></strong></span> <span class='ocrx_word' id='word_1_251' title='bbox 1387 2047 1531 2086; x_wconf 83' lang='grc' dir='ltr'><strong><em>ὁπόσον</em></strong></span> 
     </span>
     <span class='ocr_line' id='line_1_29' title="bbox 207 2095 1509 2144; baseline 0.001 -10"><span class='ocrx_word' id='word_1_252' title='bbox 207 2102 228 2134; x_wconf 83' lang='grc'>9</span> <span class='ocrx_word' id='word_1_253' title='bbox 255 2098 296 2135; x_wconf 78' lang='grc' dir='ltr'><strong><em>δὲ</em></strong></span> <span class='ocrx_word' id='word_1_254' title='bbox 325 2099 359 2134; x_wconf 91' lang='lat' dir='ltr'><em>V</em></span> <span class='ocrx_word' id='word_1_255' title='bbox 379 2098 448 2135; x_wconf 74' lang='lat' dir='ltr'><strong><em>sed</em></strong></span> <span class='ocrx_word' id='word_1_256' title='bbox 472 2097 513 2134; x_wconf 87' lang='lat' dir='ltr'><strong><em>in</em></strong></span> <span class='ocrx_word' id='word_1_257' title='bbox 538 2096 575 2134; x_wconf 76' lang='grc' dir='ltr'><strong><em>δ’</em></strong></span> <span class='ocrx_word' id='word_1_258' title='bbox 600 2096 659 2135; x_wconf 82' lang='grc' dir='ltr'><strong><em>ὅτι</em></strong></span> <span class='ocrx_word' id='word_1_259' title='bbox 677 2109 761 2134; x_wconf 86' lang='lat' dir='ltr'><strong>corr</strong></span> <span class='ocrx_word' id='word_1_260' title='bbox 782 2098 840 2133; x_wconf 60' lang='grc' dir='ltr'><strong><em>ω*</em></strong></span> <span class='ocrx_word' id='word_1_261' title='bbox 861 2100 867 2142; x_wconf 93' lang='grc' dir='ltr'>Ι</span> <span class='ocrx_word' id='word_1_262' title='bbox 888 2095 928 2133; x_wconf 76' lang='grc' dir='ltr'><strong><em>δ’</em></strong></span> <span class='ocrx_word' id='word_1_263' title='bbox 950 2097 1091 2134; x_wconf 74' lang='lat' dir='ltr'><strong><em>SVind</em></strong></span> <span class='ocrx_word' id='word_1_264' title='bbox 1112 2099 1119 2144; x_wconf 80' lang='grc' dir='ltr'>Ι</span> <span class='ocrx_word' id='word_1_265' title='bbox 1164 2102 1339 2134; x_wconf 88' lang='grc' dir='ltr'><strong><em>τοιοῦτον</em></strong></span> <span class='ocrx_word' id='word_1_266' title='bbox 1363 2095 1454 2133; x_wconf 77' lang='grc' dir='ltr'><strong><em>ὅσον</em></strong></span> <span class='ocrx_word' id='word_1_267' title='bbox 1479 2098 1509 2135; x_wconf 84' lang='lat' dir='ltr'><strong><em>S</em></strong></span> 
     </span>
     <span class='ocr_line' id='line_1_30' title="bbox 161 2146 1532 2193; baseline 0 -12"><span class='ocrx_word' id='word_1_268' title='bbox 161 2149 206 2182; x_wconf 87' lang='lat'><strong><em>10</em></strong></span> <span class='ocrx_word' id='word_1_269' title='bbox 231 2146 396 2193; x_wconf 75' lang='grc' dir='ltr'><strong><em>ἀτεχνῶς</em></strong></span> <span class='ocrx_word' id='word_1_270' title='bbox 420 2158 482 2182; x_wconf 89' lang='lat' dir='ltr'><strong><em>om</em></strong></span> <span class='ocrx_word' id='word_1_271' title='bbox 508 2146 556 2183; x_wconf 77' lang='lat' dir='ltr'><strong><em>Vi</em></strong></span> <span class='ocrx_word' id='word_1_272' title='bbox 630 2150 674 2182; x_wconf 82' lang='lat'><strong><em>13</em></strong></span> <span class='ocrx_word' id='word_1_273' title='bbox 701 2146 743 2182; x_wconf 78' lang='grc' dir='ltr'><strong><em>δὲ</em></strong></span> <span class='ocrx_word' id='word_1_274' title='bbox 770 2146 888 2183; x_wconf 89' lang='lat' dir='ltr'><strong><em>VaVo</em></strong></span> <span class='ocrx_word' id='word_1_275' title='bbox 958 2149 1002 2182; x_wconf 78' lang='lat'><strong><em>14</em></strong></span> <span class='ocrx_word' id='word_1_276' title='bbox 1028 2146 1213 2190; x_wconf 75' lang='grc' dir='ltr'><strong><em>πατρώιον</em></strong></span> <span class='ocrx_word' id='word_1_277' title='bbox 1238 2146 1268 2182; x_wconf 83' lang='lat' dir='ltr'><strong><em>S</em></strong></span> <span class='ocrx_word' id='word_1_278' title='bbox 1328 2149 1372 2182; x_wconf 83' lang='lat'><strong><em>15</em></strong></span> <span class='ocrx_word' id='word_1_279' title='bbox 1398 2146 1532 2186; x_wconf 81' lang='grc' dir='ltr'><strong><em>διδούς</em></strong></span> 
     </span>
     <span class='ocr_line' id='line_1_31' title="bbox 158 2191 1483 2241; baseline 0 -12"><span class='ocrx_word' id='word_1_280' title='bbox 158 2193 294 2241; x_wconf 72' lang='lat' dir='ltr'><strong>scripsi</strong></span> <span class='ocrx_word' id='word_1_281' title='bbox 320 2205 340 2230; x_wconf 82' lang='lat' dir='ltr'>e</span> <span class='ocrx_word' id='word_1_282' title='bbox 367 2195 403 2231; x_wconf 90' lang='lat' dir='ltr'><strong><em>V</em></strong></span> <span class='ocrx_word' id='word_1_283' title='bbox 422 2194 490 2230; x_wconf 77' lang='lat' dir='ltr'><strong><em>sed</em></strong></span> <span class='ocrx_word' id='word_1_284' title='bbox 515 2195 555 2231; x_wconf 79' lang='grc' dir='ltr'><strong><em>δι</em></strong></span> <span class='ocrx_word' id='word_1_285' title='bbox 580 2205 676 2238; x_wconf 76' lang='lat' dir='ltr'>eras,</span> <span class='ocrx_word' id='word_1_286' title='bbox 708 2194 934 2231; x_wconf 72' lang='lat' dir='ltr'><strong><em>VaVoVimi</em></strong></span> <span class='ocrx_word' id='word_1_287' title='bbox 970 2194 1063 2235; x_wconf 78' lang='grc' dir='ltr'><strong><em>δοὺς</em></strong></span> <span class='ocrx_word' id='word_1_288' title='bbox 1087 2193 1177 2230; x_wconf 75' lang='lat' dir='ltr'><strong><em>SVi</em></strong></span> <span class='ocrx_word' id='word_1_289' title='bbox 1199 2193 1308 2230; x_wconf 84' lang='lat' dir='ltr'>Wolf</span> <span class='ocrx_word' id='word_1_290' title='bbox 1330 2195 1336 2239; x_wconf 91' lang='grc' dir='ltr'>Ι</span> <span class='ocrx_word' id='word_1_291' title='bbox 1364 2191 1404 2229; x_wconf 82' lang='grc' dir='ltr'><strong><em>δ’</em></strong></span> <span class='ocrx_word' id='word_1_292' title='bbox 1436 2194 1483 2229; x_wconf 80' lang='lat' dir='ltr'><strong><em>Vi</em></strong></span> 
     </span>
     <span class='ocr_line' id='line_1_32' title="bbox 162 2240 1527 2289; baseline 0 -12"><span class='ocrx_word' id='word_1_293' title='bbox 162 2245 206 2277; x_wconf 85' lang='grc'><strong><em>16</em></strong></span> <span class='ocrx_word' id='word_1_294' title='bbox 219 2244 360 2288; x_wconf 77' lang='grc' dir='ltr'><strong><em>μᾶλλον</em></strong></span> <span class='ocrx_word' id='word_1_295' title='bbox 373 2242 504 2289; x_wconf 77' lang='grc' dir='ltr'><strong><em>ἰδιώτῃ</em></strong></span> <span class='ocrx_word' id='word_1_296' title='bbox 513 2243 562 2278; x_wconf 81' lang='lat' dir='ltr'><strong><em>Vi</em></strong></span> <span class='ocrx_word' id='word_1_297' title='bbox 619 2246 663 2278; x_wconf 83' lang='lat'><strong><em>1‘1</em></strong></span> <span class='ocrx_word' id='word_1_298' title='bbox 679 2241 763 2279; x_wconf 77' lang='grc' dir='ltr'><strong><em>οἴου</em></strong></span> <span class='ocrx_word' id='word_1_299' title='bbox 776 2242 927 2288; x_wconf 76' lang='lat' dir='ltr'>reposui</span> <span class='ocrx_word' id='word_1_300' title='bbox 941 2253 962 2278; x_wconf 84' lang='lat' dir='ltr'><strong>e</strong></span> <span class='ocrx_word' id='word_1_301' title='bbox 981 2241 1090 2277; x_wconf 79' lang='lat' dir='ltr'>libris</span> <span class='ocrx_word' id='word_1_302' title='bbox 1122 2240 1309 2278; x_wconf 69' lang='lat' dir='ltr'>ol&#39;uWolf</span> <span class='ocrx_word' id='word_1_303' title='bbox 1367 2245 1411 2277; x_wconf 89' lang='grc'><strong><em>19</em></strong></span> <span class='ocrx_word' id='word_1_304' title='bbox 1431 2240 1527 2278; x_wconf 80' lang='grc' dir='ltr'><strong><em>ἀνθ’</em></strong></span> 
     </span>
     <span class='ocr_line' id='line_1_33' title="bbox 162 2287 1533 2337; baseline -0.001 -11"><span class='ocrx_word' id='word_1_305' title='bbox 162 2288 251 2326; x_wconf 69' lang='grc' dir='ltr'><strong><em>ὅτου</em></strong></span> <span class='ocrx_word' id='word_1_306' title='bbox 275 2290 306 2327; x_wconf 83' lang='lat' dir='ltr'><strong><em>S</em></strong></span> <span class='ocrx_word' id='word_1_307' title='bbox 327 2289 396 2326; x_wconf 74' lang='lat' dir='ltr'><strong><em>sed</em></strong></span> <span class='ocrx_word' id='word_1_308' title='bbox 421 2304 466 2337; x_wconf 79' lang='grc' dir='ltr'><strong><em>γρ</em></strong></span> <span class='ocrx_word' id='word_1_309' title='bbox 498 2289 671 2327; x_wconf 80' lang='grc' dir='ltr'><strong><em>ἀνθότου</em></strong></span> <span class='ocrx_word' id='word_1_310' title='bbox 704 2301 881 2337; x_wconf 71' lang='lat' dir='ltr'><strong>suprascr</strong></span> <span class='ocrx_word' id='word_1_311' title='bbox 906 2287 1078 2327; x_wconf 78' lang='grc' dir='ltr'><strong><em>ἀνθότου</em></strong></span> <span class='ocrx_word' id='word_1_312' title='bbox 1105 2291 1141 2327; x_wconf 88' lang='lat' dir='ltr'><em>V</em></span> <span class='ocrx_word' id='word_1_313' title='bbox 1167 2289 1234 2325; x_wconf 82' lang='lat' dir='ltr'><strong><em>sed</em></strong></span> <span class='ocrx_word' id='word_1_314' title='bbox 1264 2289 1305 2325; x_wconf 87' lang='lat' dir='ltr'><strong><em>in</em></strong></span> <span class='ocrx_word' id='word_1_315' title='bbox 1331 2287 1426 2326; x_wconf 78' lang='grc' dir='ltr'><strong><em>ἀνθ’</em></strong></span> <span class='ocrx_word' id='word_1_316' title='bbox 1442 2289 1533 2326; x_wconf 73' lang='grc' dir='ltr'><strong><em>ὅτου</em></strong></span> 
     </span>
     <span class='ocr_line' id='line_1_34' title="bbox 161 2337 1533 2385; baseline -0.001 -11"><span class='ocrx_word' id='word_1_317' title='bbox 161 2348 244 2374; x_wconf 79' lang='lat' dir='ltr'><strong>con·</strong></span> <span class='ocrx_word' id='word_1_318' title='bbox 267 2338 336 2383; x_wconf 75' lang='lat' dir='ltr'><strong><em>m‘,</em></strong></span> <span class='ocrx_word' id='word_1_319' title='bbox 368 2338 596 2375; x_wconf 80' lang='lat' dir='ltr'><strong><em>VaVoVind</em></strong></span> <span class='ocrx_word' id='word_1_320' title='bbox 617 2340 623 2385; x_wconf 91' lang='grc' dir='ltr'>Ι</span> <span class='ocrx_word' id='word_1_321' title='bbox 644 2337 726 2374; x_wconf 86' lang='grc' dir='ltr'><strong><em>τάτ’</em></strong></span> <span class='ocrx_word' id='word_1_322' title='bbox 757 2339 793 2375; x_wconf 88' lang='lat' dir='ltr'><strong><em>V</em></strong></span> <span class='ocrx_word' id='word_1_323' title='bbox 813 2338 879 2374; x_wconf 80' lang='lat' dir='ltr'><strong><em>sed</em></strong></span> <span class='ocrx_word' id='word_1_324' title='bbox 899 2348 919 2374; x_wconf 89' lang='lat' dir='ltr'>e</span> <span class='ocrx_word' id='word_1_325' title='bbox 938 2337 1025 2374; x_wconf 77' lang='grc' dir='ltr'><strong><em>τάτε</em></strong></span> <span class='ocrx_word' id='word_1_326' title='bbox 1044 2349 1129 2374; x_wconf 82' lang='lat' dir='ltr'>corr</span> <span class='ocrx_word' id='word_1_327' title='bbox 1147 2338 1215 2382; x_wconf 85' lang='lat' dir='ltr'><strong><em>m⁴‚</em></strong></span> <span class='ocrx_word' id='word_1_328' title='bbox 1241 2338 1272 2375; x_wconf 80' lang='lat' dir='ltr'><strong><em>S</em></strong></span> <span class='ocrx_word' id='word_1_329' title='bbox 1282 2338 1328 2374; x_wconf 82' lang='lat' dir='ltr'><strong><em>Vi</em></strong></span> <span class='ocrx_word' id='word_1_330' title='bbox 1378 2340 1425 2373; x_wconf 82' lang='lat'><strong><em>20</em></strong></span> <span class='ocrx_word' id='word_1_331' title='bbox 1443 2338 1533 2384; x_wconf 82' lang='grc' dir='ltr'><strong><em>βού-</em></strong></span> 
     </span>
     <span class='ocr_line' id='line_1_35' title="bbox 159 2382 1535 2434; baseline 0 -13"><span class='ocrx_word' id='word_1_332' title='bbox 159 2386 239 2428; x_wconf 76' lang='grc' dir='ltr'><strong><em>λοις</em></strong></span> <span class='ocrx_word' id='word_1_333' title='bbox 263 2385 371 2423; x_wconf 82' lang='lat' dir='ltr'><strong>Wolf</strong></span> <span class='ocrx_word' id='word_1_334' title='bbox 402 2385 555 2434; x_wconf 81' lang='grc' dir='ltr'><strong><em>βούλοιο</em></strong></span> <span class='ocrx_word' id='word_1_335' title='bbox 580 2386 666 2422; x_wconf 81' lang='lat' dir='ltr'><strong>coni</strong></span> <span class='ocrx_word' id='word_1_336' title='bbox 694 2386 747 2422; x_wconf 85' lang='lat' dir='ltr'><strong><em>Re</em></strong></span> <span class='ocrx_word' id='word_1_337' title='bbox 782 2388 788 2432; x_wconf 84' lang='grc' dir='ltr'>Ι</span> <span class='ocrx_word' id='word_1_338' title='bbox 829 2382 928 2423; x_wconf 81' lang='grc' dir='ltr'><strong><em>εἶναι</em></strong></span> <span class='ocrx_word' id='word_1_339' title='bbox 950 2385 1094 2423; x_wconf 74' lang='lat' dir='ltr'>inserui</span> <span class='ocrx_word' id='word_1_340' title='bbox 1118 2396 1139 2422; x_wconf 82' lang='lat' dir='ltr'><strong>e</strong></span> <span class='ocrx_word' id='word_1_341' title='bbox 1166 2386 1283 2422; x_wconf 86' lang='lat' dir='ltr'><strong><em>VaVo</em></strong></span> <span class='ocrx_word' id='word_1_342' title='bbox 1332 2396 1392 2421; x_wconf 89' lang='lat' dir='ltr'><strong><em>om</em></strong></span> <span class='ocrx_word' id='word_1_343' title='bbox 1420 2385 1535 2422; x_wconf 78' lang='lat' dir='ltr'><strong><em>VSVi</em></strong></span> 
     </span>
    </p>
   </div>
   <div class='ocr_carea' id='block_1_5' title="bbox 161 2430 1534 2517">
    <p class='ocr_par' dir='ltr' id='par_1_6' title="bbox 161 2430 1534 2517">
     <span class='ocr_line' id='line_1_36' title="bbox 161 2430 1534 2516; baseline 0 -47"><span class='ocrx_word' id='word_1_344' title='bbox 161 2433 269 2516; x_wconf 50' lang='lat' dir='ltr'><strong><em>{ruff</em></strong></span> <span class='ocrx_word' id='word_1_345' title='bbox 292 2433 401 2470; x_wconf 82' lang='lat' dir='ltr'><strong>Wolf</strong></span> <span class='ocrx_word' id='word_1_346' title='bbox 417 2435 423 2480; x_wconf 81' lang='grc' dir='ltr'>Ι</span> <span class='ocrx_word' id='word_1_347' title='bbox 445 2434 687 2480; x_wconf 80' lang='grc' dir='ltr'><strong><em>εὐδοκιμοῦσι</em></strong></span> <span class='ocrx_word' id='word_1_348' title='bbox 714 2435 761 2470; x_wconf 85' lang='lat' dir='ltr'><strong><em>Vi</em></strong></span> <span class='ocrx_word' id='word_1_349' title='bbox 859 2438 902 2469; x_wconf 75' lang='lat'><strong><em>21</em></strong></span> <span class='ocrx_word' id='word_1_350' title='bbox 929 2431 987 2475; x_wconf 83' lang='grc' dir='ltr'><strong><em>τίς</em></strong></span> <span class='ocrx_word' id='word_1_351' title='bbox 1012 2434 1068 2470; x_wconf 84' lang='lat' dir='ltr'><strong><em>Va</em></strong></span> <span class='ocrx_word' id='word_1_352' title='bbox 1077 2434 1130 2471; x_wconf 91' lang='lat' dir='ltr'><strong><em>Vo</em></strong></span> <span class='ocrx_word' id='word_1_353' title='bbox 1138 2434 1239 2470; x_wconf 80' lang='lat' dir='ltr'><strong><em>Vi-nd</em></strong></span> <span class='ocrx_word' id='word_1_354' title='bbox 1271 2434 1277 2480; x_wconf 93' lang='grc' dir='ltr'>Ι</span> <span class='ocrx_word' id='word_1_355' title='bbox 1307 2430 1389 2470; x_wconf 77' lang='grc' dir='ltr'><strong><em>ἴσον</em></strong></span> <span class='ocrx_word' id='word_1_356' title='bbox 1415 2433 1472 2469; x_wconf 84' lang='lat' dir='ltr'><strong><em>Va</em></strong></span> <span class='ocrx_word' id='word_1_357' title='bbox 1480 2433 1534 2469; x_wconf 88' lang='lat' dir='ltr'><strong><em>Vo</em></strong></span> 
     </span>
     <span class='ocr_line' id='line_1_37' title="bbox 212 2492 234 2517; baseline 0 0"><span class='ocrx_word' id='word_1_358' title='bbox 212 2492 234 2517; x_wconf 94' lang='grc' dir='ltr'><strong><em>ο</em></strong></span> 
     </span>
    </p>
   </div>
  </div>
 </body>
</html>
