1806 2964
280 215 369 258 418
872 213 1054 250 LIBANII

279 326 348 367 καὶ
377 327 482 379 μάλα
512 327 628 367 ἴσασι.
663 327 844 377 Κύκλωψ
878 324 921 366 δὲ
954 324 1104 374 ἐκεῖνος
1136 324 1203 365 καὶ
1236 325 1397 365 Σκύλλα
1427 323 1537 378 μέχρι
1567 330 1639 365 τοῦ

280 395 469 445 πορθμοῦ
499 392 695 440 Σικελίας.
742 394 849 445 χαῖρε
885 391 1023 431 τοίνυν
1058 389 1126 430 καὶ
1158 389 1233 442 τὴν
1268 389 1486 443 παροιμίαν
1521 387 1638 441 ἀφεὶς

280 457 470 510 συνήδου.

203 536 258 571 W
284 539 377 572 12³9
925 524 997 568 vz'.

242 627 259 654 ⁵
705 607 1048 669 Ἀρισταινέτῳ.
1100 620 1206 664 (355)

342 699 379 736 1.
405 693 457 735 Ἥ
480 694 553 748 μὲν
577 694 678 744 λέξις
702 702 781 736 τῶν
805 694 1019 736 ἐπιστολῶν
1044 694 1204 735 ἕπενθεν
1234 692 1340 747 ἡμᾶς
1364 691 1418 742 ὡς
1448 694 1559 734 σύνει
1582 697 1636 749 τῷ

279 761 480 813 Πλάτωνι,
504 761 548 802 τὸ
568 759 611 801 δὲ
630 760 816 814 ἀκμάζειν
835 758 879 801 ἕν
898 759 961 800 σοὶ
978 759 1052 812 τὴν
1070 759 1254 812 ἀθυμίαν
1271 758 1327 800 ἔτι
1345 758 1412 799 καὶ
1429 757 1503 811 τὴν
1527 758 1638 814 τρίχα

277 826 377 880 πρὸς
400 824 554 875 πένθός
579 825 765 867 ἀνεῖσθαι
789 824 857 866 καὶ
880 824 955 877 τὴν
973 825 1104 866 οἰκίαν
1128 823 1183 874 ὥς
1207 823 1271 865 ἐπὶ
1295 822 1391 878 χθὲς
1408 829 1456 880 τῇ
1480 827 1636 880 τελευτῇ

279 891 467 949 συμβᾶσῃ
510 892 757 944 διακεῖσθαι,
797 897 918 932 ταῦτα
951 890 1083 931 οὐκέτι
1115 891 1224 931 πάνυ
1264 887 1550 945 προσκειμένου
1583 893 1638 945 τῷ

226 973 261 999 ιο
282 957 479 998 Πλάτωνι.
523 958 651 998 καίτοι
674 956 777 998 πολὺ
802 955 956 1010 βέλτιον
980 954 1031 996 ἂν
1055 950 1122 1008 ἦν,
1146 956 1183 996 εἰ
1204 955 1278 1008 τὴν
1301 956 1467 1010 γνώμην
1491 957 1639 1007 μᾶλλον

278 1021 306 1076 ἢ
330 1022 403 1075 τὴν
428 1027 602 1078 γλῶτταν
627 1022 772 1075 ὤνησο.
823 1024 862 1062 2.
888 1021 938 1062 σὺ
972 1020 1045 1075 μὲν
1078 1015 1153 1062 οὖν
1186 1021 1259 1062 οἴει
1293 1022 1491 1074 σύμφωνα
1514 1025 1636 1060 ταῦτα

277 1092 408 1129 ποιεῖν
433 1084 494 1137 οἷς
518 1087 608 1142 περὶ
632 1090 762 1138 ζῶσαν
786 1087 990 1142 ἔπραττες,
1019 1086 1252 1141 εὐφραίνειν
1276 1086 1350 1141 γὰρ
1382 1085 1443 1138 δὴ.
1463 1084 1531 1126 καὶ
1560 1091 1639 1126 νῦν

278 1152 408 1208 ὥσπερ
438 1151 507 1194 καὶ
536 1153 639 1194 τότε·
676 1153 806 1202 δοκεῖς
837 1151 881 1193 δέ
912 1168 979 1205 μοι
1011 1154 1139 1201 ζῶσαν
1169 1151 1288 1193 οὐδὲν
1319 1152 1499 1205 λυπήσας
1529 1151 1638 1193 πάνυ

278 1224 394 1259 τοῦτο
421 1219 521 1271 δρᾶν
540 1219 597 1267 εἰς
615 1217 886 1259 ἀπελθοῦσαν.
924 1218 962 1258 εἰ
982 1218 1057 1272 γὰρ
1083 1218 1190 1267 ὅπως
1209 1218 1355 1259 σαυτὸν
1375 1217 1642 1271 διαφθείρεις,’

226 1301 260 1328 1⁶
279 1283 481 1337 αἴσθοιτο,
507 1283 606 1338 μέγα
630 1282 682 1324 ἂν
706 1283 888 1332 στενάξαι
912 1283 1085 1339 τοσούτῳ
1109 1287 1217 1341 κακῷ
1241 1283 1411 1324 διδοῦσα
1434 1282 1637 1337 ἀφορμήν.

281 1351 318 1390 3.
344 1344 430 1389 ἀλλ’
459 1347 559 1403 ὑπὲρ
595 1348 669 1402 μὲν
693 1349 845 1390 τούτων
868 1349 905 1389 εἰ
937 1349 991 1402 μκὴ
1026 1353 1157 1406 σαυτῷ
1189 1347 1368 1406 διαλέξῃ,
1401 1348 1449 1388 τά
1471 1363 1516 1402 γε
1539 1343 1636 1402 παρ’

278 1413 399 1455 ἄλλου
419 1415 580 1466 μάταια·
604 1413 679 1469 ἐγὼ
699 1412 742 1455 δὲ
761 1413 787 1454 ἃ
805 1418 941 1455 νοσεῖν
958 1414 1204 1467 πλασάμενος
1223 1413 1376 1469 ἔφυγον
1394 1414 1521 1468 ἥνπερ
1539 1413 1638 1466 ἔφυ-

277 1494 351 1534 γον
381 1479 512 1533 πόλιν,
543 1486 666 1521 ταῦτα
695 1478 843 1520 ἐνθάδε
874 1486 990 1521 νοσῶ.
1033 1479 1100 1520 καὶ
1124 1480 1250 1529 οὕτως
1279 1478 1356 1534 ἄρα
1380 1477 1460 1533 ἡδὺ
1485 1479 1639 1534 πατρίς,

277 1545 374 1586 ὥστε
399 1543 563 1598 ἄμεινόν
589 1560 656 1598 μοι
680 1545 773 1601 τῇδε
803 1549 1017 1586 πονεῖσθαι
1040 1543 1068 1598 ἣ
1093 1541 1187 1600 παρ’
1215 1543 1380 1594 ἐκείνοις
1413 1543 1638 1600 ὑγιέστερον

225 1630 259 1657 ‚0
278 1607 382 1652 εἶναι
405 1611 631 1665 Κρότωνος.
682 1614 720 1653 4.
754 1610 798 1652 τὸ
827 1610 953 1651 κακὸν
978 1609 1021 1651 δὲ
1051 1611 1174 1651 πάλαι
1205 1609 1277 1663 μὲν
1307 1598 1479 1652 ἐπέκειτο
1501 1617 1550 1667 τῇ
1574 1625 1638 1651 κε-

279 1680 408 1733 φαλῇ,
433 1683 510 1717 νῦν
542 1675 585 1718 δὲ
616 1676 673 1725 εἰς
697 1675 791 1725 τοὺς
823 1675 999 1730 νεφροὺς
1022 1675 1187 1729 κατέβη,
1212 1679 1362 1729 ’μᾶλλον
1386 1675 1449 1729 δέ,
1473 1675 1640 1724 τούτους

279 1739 351 1794 μὲν
377 1741 546 1795 ἰσχυρῶς
568 1740 710 1795 πιέζει,
735 1741 808 1794 τὴν
833 1739 876 1782 δὲ
902 1741 950 1782 οὗ
975 1740 1111 1791 τελέως
1135 1740 1422 1795 ἠλευθέρωσεν,
1446 1736 1530 1782 ἀλλ’
1561 1740 1648 1782 ἐκεῖ

350 1849 373 1880 4
409 1845 455 1881 Vl
476 1844 523 1891 γ’,
549 1843 618 1890 ρκ’.
651 1845 707 1881 Va
732 1844 776 1889 ι’,
799 1843 854 1891 μζ

352 1945 371 1976 1
397 1939 557 1976 Aeacius
579 1941 585 1985 Ι
607 1939 807 1976 salaman
828 1942 872 1975 18
940 1943 961 1975 2
988 1940 1034 1976 cf.
1055 1950 1114 1986 ep.
1136 1943 1204 1975 ‘146
1278 1943 1299 1975 5
1326 1939 1471 1975 Sievers
1498 1942 1543 1975 '10
1561 1941 1638 1975 not.

278 1990 337 2023 48.
364 1990 493 2032 224,ss
521 1987 639 2024 Seeck
665 1990 722 2024 86.
743 1990 813 2023 322
884 1990 903 2022 '1
930 1987 977 2023 cf.
998 1998 1055 2034 ep.
1076 1991 1158 2023 414.
1184 1990 1253 2023 42⁷
1318 1991 1362 2024 15
1387 1987 1429 2023 Il.
1448 1998 1477 2022 π
1501 1990 1570 2022 391
1591 1986 1640 2023 cf.

278 2034 518 2128 ἓᾱῐξέοέὶέΙ
571 2039 615 2071 18
642 2034 1004 2081 Constantinopolin.
1032 2034 1078 2070 cf.
1099 2034 1244 2071 Sievers
1271 2038 1315 2071 63
1340 2036 1418 2071 not.
1439 2038 1460 2070 5
1519 2037 1566 2070 20
1590 2035 1636 2071 of.

351 2182 371 2214 1
398 2177 540 2224 μεγάλα
565 2178 595 2214 S
672 2181 693 2213 2
718 2178 784 2214 καὶ
808 2179 988 2223 πορθμοῦ
1013 2177 1103 2213 libri
1126 2177 1236 2214 Wolf
1275 2177 1396 2214 delevi
1427 2188 1513 2214 cum
1538 2176 1640 2213 Sala-

277 2235 416 2262 manno
444 2229 487 2262 18
513 2225 597 2261 coll.
618 2236 676 2272 ep.
698 2229 766 2261 221
789 2226 795 2270 Ι
816 2229 884 2270 τῆς
908 2226 996 2261 anto
1016 2223 1192 2267 Σικελίας
1210 2225 1284 2263 SD
1305 2224 1414 2262 Wolf
1448 2223 1571 2261 delevi

279 2277 300 2309 9
327 2273 369 2309 δὲ
401 2274 489 2319 post
518 2279 639 2309 ταῦτα
670 2273 726 2309 Va
759 2272 866 2309 Wolf
894 2274 934 2309 et
963 2273 1066 2309 inser
1096 2272 1155 2309 V·
1182 2274 1414 2310 διακεῖσθαι.
1445 2277 1566 2309 ταῦτα
1596 2272 1640 2308 δὲ

278 2319 389 2357 Wolf
415 2320 503 2356 Add
534 2324 604 2357 865
635 2332 727 2356 num
757 2320 876 2356 ταῦτά
907 2325 972 2367 yn?
1055 2324 1098 2356 11
1124 2319 1223 2364 λέξιν
1249 2321 1285 2358 V
1361 2324 1406 2356 12
1431 2322 1640 2365 περιζῶσαν

287 2369 344 2405 Va
389 2369 396 2414 Ι
442 2368 490 2414 δὴ
515 2367 648 2414 scripsi
667 2379 687 2404 e
715 2368 748 2405 V
771 2368 837 2404 sed
862 2367 885 2414 ὴ
911 2379 958 2404 ex
982 2373 1018 2404 εἴ
1040 2379 1122 2404 corr
1145 2368 1214 2415 m⁴‚
1245 2368 1302 2405 Va
1324 2370 1369 2404 ut
1393 2367 1479 2404 coni
1501 2366 1559 2404 Ro
1582 2369 1642 2404 dez

278 2415 388 2452 Wolf
474 2420 520 2452 14
551 2413 792 2462 διαφθείρεις
822 2416 955 2462 scripsi
980 2427 1001 2452 ο
1027 2416 1064 2453 V
1081 2415 1148 2452 sed
1173 2427 1194 2452 ο
1224 2416 1449 2463 διαφθερεῖς
1466 2425 1550 2452 oon·
1570 2415 1642 2460 xn‘,

277 2464 322 2499 ut
346 2463 431 2500 coni
453 2463 510 2500 Re
551 2465 778 2510 διαφθερεῖς
800 2463 857 2500 Va
882 2462 991 2499 Wolf

1784 2786 1798 2896 υν-«’
