1806 2964
273 207 363 251 330
864 210 1046 247 LIBANII

274 326 323 376 τῇ
348 327 489 377 τροφῇ.
522 323 560 362 8.
586 320 809 375 ἐργαζέσθω
840 316 934 374 οὖν,
966 317 997 362 ὦ
1025 319 1161 377 ’γαθέ,
1191 322 1258 364 καὶ
1292 322 1401 372 ὅπως
1430 338 1474 378 γε
1504 322 1561 377 μὴ
1589 322 1634 365 τὸ

277 384 394 440 ἔργον
418 390 548 439 χεῖρον
572 386 680 428 ἔσται
702 393 774 440 τῆς
798 386 950 442 ἀργίας.
982 387 1033 428 σὺ
1058 384 1096 428 δ’
1118 388 1155 429 εἰ
1178 385 1251 440 μὲν
1270 387 1345 430 ούκ
1369 388 1545 442 ἔγνωκας
1563 388 1634 431 αύ-

276 450 346 491 τὸν
366 446 408 492 οἷ
429 452 492 492 δεῖ
512 452 739 506 προσάγειν,
763 451 913 502 ἀδικεῖς
937 452 1041 507 ἀνὴρ
1062 453 1165 494 οὕτω
1191 455 1320 503 συζῶν
1342 460 1389 510 τῇ
1410 454 1513 510 δίκῃ·
1539 454 1577 495 εἰ
1593 452 1636 495 δὲ

278 516 353 557 οἴει
378 517 463 557 δεῖν
487 516 514 557 ἅ
538 531 670 569 φαμεν
695 521 846 569 ποιεῖν,
877 517 932 571 μὴ
958 517 1070 571 μέλλε
1095 518 1336 572 πειθόμενος
1360 519 1545 577 Αἰσχύλῳ
1569 518 1636 561 καὶ

240 593 259 619 ⁶
278 581 333 622 ἔτι
364 582 555 636 πρότερον
579 580 763 639 Ἡσιόδῳ.
812 585 850 624 9.
881 583 948 624 καὶ
979 583 1060 636 μὴν
1094 579 1184 625 οὐδ’
1212 583 1338 627 ἐκεῖνό
1371 599 1414 640 γε
1451 584 1635 639 παρήσω·

278 646 348 688 τὸν
372 646 501 702 ἄνδρα
526 646 624 688 ἰδὼν
649 652 720 704 μιᾷ
745 648 913 702 χλαμύδι
937 647 1004 690 καὶ
1035 649 1134 704 πρὸς
1165 656 1296 704 ψῦχος
1322 650 1545 704 μαχόμενον
1568 648 1636 690 καὶ

278 712 378 768 πρὸς
404 711 556 767 ὄμβρον
580 711 874 767 ἀγωνιζόμενον
897 713 965 755 καὶ
989 714 1090 768 πρὸς
1120 714 1249 767 πηλὸν
1279 713 1637 769 παραταττόμενον,

277 777 442 832 ἠρώτων
479 779 516 829 εἰ
545 778 612 820 καὶ
642 783 724 828 τοῖς
754 780 930 830 παιδίοις
959 777 1058 821 ἀνθ’
1086 780 1251 833 ἷματίων
1284 778 1309 833 ἡ
1343 780 1439 830 δόξα
1463 785 1535 821 τοῦ
1558 794 1636 821 πα-

276 844 368 897 τρὸς
392 844 465 897 εἴη.
499 847 565 885 10.
592 851 664 887 τοῦ
689 841 728 886 δ’
750 845 1064 900 ἐρυθριάσαντος
1087 844 1153 886 καὶ
1178 845 1255 887 σὺν
1279 844 1414 900 γέλωτι
1438 843 1635 899 μεμνημέ-

225 919 260 946 1⁰
279 925 355 951 νου
379 910 626 964 Λυσάνδρου
650 910 759 960 τινὸς
783 910 849 952 καὶ
873 912 1108 964 Διονυσίου,
1132 917 1203 953 τοῦ
1228 909 1300 964 μὲν
1326 911 1478 963 δόντος,
1502 917 1573 953 τοῦ
1592 909 1636 952 δὲ

279 975 327 1016 ού
352 975 543 1029 λαβόντος
567 976 672 1030 ἔφην
697 975 819 1018 αὐτὸν
839 976 915 1018 οὐκ
931 975 1079 1018 εἰδέναι
1098 976 1267 1031 χαλεπὸν
1285 976 1391 1033 αὐτῷ
1412 988 1636 1031 παρασκευ-

278 1042 421 1090 άζοντα
445 1041 489 1083 τὸ
513 1048 648 1096 γῆρας.
684 1045 750 1083 11.
770 1041 922 1083 ἐκεῖνον
941 1040 1013 1096 μὲν
1031 1037 1107 1083 οὖν
1127 1042 1290 1096 ἀφίημι,
1309 1041 1372 1084 σοὶ
1391 1040 1434 1083 δὲ
1452 1048 1635 1098 παραινῶ

278 1112 442 1160 ποιῆσαι
469 1109 702 1164 Τουσκιανῷ
735 1105 783 1147 τὰ
812 1107 1020 1162 πράγματα
1050 1109 1198 1162 βελτίω.
1235 1107 1379 1163 πρέποι
1401 1107 1477 1163 γὰρ
1508 1106 1559 1149 ἂν
1583 1111 1637 1164 τῷ

279 1170 351 1224 μὲν
376 1171 550 1226 στέργειν
573 1172 648 1226 τὴν
671 1173 833 1225 πενίαν,
857 1173 937 1214 ἔστι
961 1172 1004 1214 δὲ
1035 1174 1180 1230 ῥᾷστον
1210 1178 1293 1223 τοῖς
1323 1173 1515 1228 ὑπάρχοις
1537 1172 1635 1227 ὑμῖν

226 1246 260 1273 ¹⁶
279 1235 353 1289 τὴν
376 1244 448 1278 τοῦ
473 1237 571 1286 Διὸς
601 1238 853 1291 μιμήσασθαι
877 1238 1070 1292 νεφέλην,
1099 1235 1173 1292 ἀφ’
1201 1233 1251 1291 ἧς
1280 1237 1431 1288 ἐκεῖνος
1463 1233 1534 1280 ὗσε
1550 1234 1634 1279 Ῥο-

279 1303 381 1352 δίοις
404 1303 561 1358 χρυσόν.
603 1306 669 1345 12.
694 1302 762 1345 καὶ
787 1304 837 1357 δὴ
868 1303 936 1345 καὶ
966 1303 1079 1357 ὑμῶν
1117 1302 1372 1357 βουλομένων
1405 1299 1548 1359 γένοιτ’
1582 1302 1634 1345 ἂν

278 1368 445 1422 εὐπορία
474 1369 757 1424 καθαρεύουσα
785 1368 930 1424 ψόγου.
955 1377 1070 1411 τοῦτο
1103 1368 1145 1411 δὲ
1174 1368 1255 1423 ἤδη
1283 1368 1514 1425 πραττέσθω
1539 1368 1635 1424 πρὶν

277 1433 401 1489 ἀρχῆς
419 1449 527 1484 τινος
544 1433 739 1488 λαβέσθαι
761 1435 1022 1489 Τουσκιανόν,
1047 1433 1101 1484 ὡς
1126 1434 1170 1476 ἐν
1199 1434 1335 1491 ἐκείνῳ
1365 1449 1409 1490 γε
1433 1434 1635 1488 λιμώττειν

278 1499 468 1552 ἐθελήσει.

350 1607 373 1638 4
397 1604 531 1640 Aoeoh.
551 1603 681 1650 Suppl.
702 1607 772 1640 208
840 1607 861 1639 6
880 1603 968 1640 Heu.
989 1614 1049 1650 op.
1070 1607 1140 1640 280
1150 1615 1205 1648 eq.
1282 1607 1325 1639 10
1350 1603 1447 1639 Plut.
1466 1578 1551 1650 Lyn'.
1565 1607 1598 1647 2,
1611 1606 1633 1638 ὁ

278 1650 494 1734 ωέἐῃΡΙΙῧξ.
514 1651 587 1699 leg.
602 1651 631 1687 V
650 1663 686 1698 p.
702 1654 771 1687 780
785 1650 812 1687 G
863 1655 906 1687 15
933 1650 979 1687 cf.
994 1651 1044 1687 ad
1062 1653 1089 1687 t.
1104 1651 1172 1686 VII
1193 1655 1249 1696 10,
1265 1654 1326 1695 16ς
1347 1662 1406 1698 ep.
1425 1653 1507 1687 954.
1532 1649 1633 1687 Sala-

352 1800 371 1829 1
398 1794 524 1841 ἀγαθέ
550 1795 582 1832 V
604 1794 670 1831 ned
695 1794 721 1830 ἀ
745 1794 786 1830 in
803 1792 813 1806 '
835 1805 918 1831 corr
935 1794 993 1830 ιη’
1037 1796 1043 1841 Ι
1088 1806 1129 1841 γε
1154 1794 1255 1830 inser
1281 1794 1337 1831 V³
1427 1797 1449 1829 2
1475 1793 1577 1830 ἔσται
1601 1793 1636 1829 V

278 1841 344 1878 eod
370 1855 410 1878 αι
435 1852 482 1878 ex
504 1855 533 1878 ω
559 1852 643 1878 corr
665 1841 721 1877 m'
760 1844 768 1889 Ι
806 1842 848 1879 δὲ
875 1843 922 1879 Vi
993 1845 1014 1877 3
1039 1841 1243 1889 προσάγειν
1270 1841 1307 1877 V
1324 1841 1390 1878 sed
1415 1852 1437 1877 σ
1460 1851 1633 1887 suprascr

278 1889 335 1924 m⁸
355 1890 362 1935 1
383 1886 425 1926 δ’
447 1889 555 1925 Wolf
623 1893 646 1925 ὅ
671 1889 795 1934 &veneo
820 1890 850 1927 S
868 1890 874 1936 Ι
904 1887 988 1926 οὐδ’
1011 1901 1072 1926 om
1096 1891 1138 1926 D
1222 1893 1243 1925 6
1267 1888 1310 1925 τὸ
1335 1889 1424 1925 ante
1447 1888 1571 1948 ψύχος
1602 1888 1639 1926 V

279 1937 346 1973 sed
366 1936 427 1973 del
452 1937 509 1972 m⁸
529 1939 535 1983 Ι
559 1937 680 1985 ψύχος
703 1937 793 1973 libri
819 1937 922 1973 Wolf
943 1937 988 1974 cf.
1002 1949 1039 1984 p.
1055 1940 1171 1983 325,3
1259 1939 1280 1972 9
1306 1935 1343 1974 δ’
1373 1937 1409 1973 V
1433 1936 1500 1972 aed
1549 1936 1590 1972 in
1615 1935 1632 1972 ἑ

278 1996 362 2021 corr
385 1985 442 2020 m‘
475 1985 517 2021 δὲ
543 1986 591 2022 Vi
675 1988 720 2021 10
743 1986 868 2032 τοῦ(1)
893 1985 1035 2021 inserui
1054 1996 1074 2021 e
1093 1983 1200 2021 libris
1219 1986 1263 2020 ut
1277 1984 1362 2021 coni
1379 1984 1436 2021 Ro
1454 1995 1516 2021 om
1528 1982 1637 2020 Wolf

306 2036 348 2069 11
376 2033 476 2117 Ξιύτῷ
499 2033 534 2069 V
553 2030 645 2068 sed'
667 2032 708 2069 in
722 2030 733 2045 ‘
757 2044 841 2069 corr
863 2032 932 2078 ω’,
959 2034 1015 2070 Va
1047 2035 1054 2079 Ι
1097 2031 1420 2077 παρασκευάζοντι
1445 2032 1561 2068 VaVo

394 2086 521 2117 κεῖνον

282 2094 473 2164 ιὶἴοέκεῑνο
491 2128 522 2165 S
587 2131 631 2164 18
657 2127 793 2173 πρέποι
814 2149 854 2155 -
878 2131 923 2164 14
947 2125 1084 2164 πενίαν
1112 2139 1172 2164 om
1197 2127 1285 2165 SVi
1346 2131 1390 2163 18
1404 2125 1453 2164 ἂν
1479 2127 1515 2163 V
1534 2125 1623 2163 aed*

281 2175 357 2212 add
380 2175 438 2211 m⁸
512 2179 556 2212 14
581 2175 640 2213 σοὶ
664 2175 702 2212 δ’
724 2173 766 2212 εὖ
790 2181 915 2213 ποιεῖν
939 2177 1026 2221 post
1048 2174 1185 2212 πενίαν
1209 2175 1250 2211 in
1267 2186 1374 2222 marg
1392 2175 1493 2210 inser
1512 2172 1629 2221 Vina!

280 2223 378 2260 ἔστιν
405 2223 460 2260 Va
481 2225 488 2268 Ι
507 2222 598 2270 ἡμῖν
624 2224 671 2260 Vs·
743 2227 787 2259 15
812 2220 901 2260 ὗσαι
927 2223 974 2259 Va·
1046 2227 1090 2259 1⁶
1114 2223 1220 2269 ἡμῶν
1240 2222 1280 2258 D
1301 2224 1307 2268 Ι
1329 2222 1394 2258 καὶ
1417 2222 1523 2268 ἡμῶν
1547 2223 1632 2268 post

279 2271 384 2316 ὑμῶν
411 2271 446 2307 V
465 2270 531 2306 sed
556 2270 619 2307 del
643 2270 700 2307 m⁸
720 2274 726 2313 Ι
746 2270 892 2318 γένοιτο
919 2271 955 2307 V
974 2269 1040 2306 sed
1064 2284 1085 2307 ο
1109 2269 1174 2306 in’
1200 2281 1282 2306 corr
1299 2270 1368 2312 ω’,
1394 2270 1510 2307 VaVo
1530 2268 1637 2306 Wolf

330 2322 372 2354 18
399 2316 529 2355 ἐκείνω
556 2319 655 2355 Vina
678 2318 744 2355 sed
770 2332 799 2355 ω
825 2318 1071 2364 subterpunct
1095 2320 1134 2355 ef.
1157 2332 1181 2365 η
1208 2328 1382 2364 suprascr
