1806 2964
284 220 373 265 564
876 219 1060 255 mmmu

210 339 260 376 w·
286 344 357 376 622
937 329 1002 383 z(-

760 399 1018 458 Ἰαμβλίχῳ.
1052 413 1160 456 (357)

347 480 386 516 1.
416 475 476 516 Οὐ
511 481 634 516 ταῦτα
670 472 859 532 συνῄδειν
892 479 974 523 τοῖς
1009 475 1166 516 οἰκοῦσι
1197 474 1272 527 τὴν
1296 472 1512 530 Ἄγκυραν,
1545 472 1649 528 ἀλλ’,

284 541 392 595 εἴπερ
418 540 540 591 τινές,
573 540 713 590 ξένους
737 539 933 592 ἐφίλησαν
959 539 1019 581 ἓνὶ
1044 540 1289 592 λυπήσαντες
1323 541 1432 597 μόνῳ
1457 545 1511 598 τῷ
1537 541 1647 583 κατέ-

248 623 263 648 5
286 621 367 658 χειν
394 605 593 655 ἀπιόντας.
631 605 716 647 ἐπεὶ
749 600 823 646 οὖν
855 604 918 646 σοὶ
951 604 1024 658 μὲν
1055 605 1233 647 ἀπιστεῖν
1257 605 1333 647 οὐκ
1362 606 1455 660 ἔχω,
1486 606 1580 657 τοὺς
1604 606 1647 648 δὲ

286 670 515 724 ἠπιστάμην
540 670 743 726 ἀγαθούς,
776 667 886 725 οἶμαι
915 670 990 723 τὴν
1019 671 1137 712 πόλιν
1168 670 1246 713 ὑπὸ
1278 678 1498 726 συμφορῶν
1532 687 1646 725 μετα-

284 736 521 791 βεβληκέναι
554 737 648 786 τοὺς
679 738 861 791 τρόπους.
905 739 942 777 2.
969 733 1054 777 ἀλλ’
1076 736 1220 778 ἐκεῖνοι
1251 736 1321 790 μὲν
1353 731 1397 778 εὖ
1428 738 1647 792 πράξαντες

280 802 575 856 ἀνακτήσαιντο
600 803 694 852 τοὺς
726 803 912 857 τρόπους,
944 802 993 843 σὺ
1021 798 1058 843 δ’
1082 803 1142 844 ὅτι
1173 800 1245 856 μὲν
1277 801 1373 844 ὁδὸν
1404 803 1555 860 πορεύῃ
1580 806 1646 844 λυ-

283 869 429 923 πηράν,
455 865 563 909 οἶδα·
592 869 658 909 δεῖ
676 867 720 909 δέ
739 880 781 909 σε
801 867 938 948 φέρειν
958 883 995 909 τε
1015 867 1175 922 εἰδέναι,
1194 867 1271 908 κᾶν
1295 867 1350 921 μὴ
1369 875 1484 909 τοῦτο
1504 866 1646 925 ρᾴδιον

229 950 264 975 ιο
284 951 324 991 ῃ,
350 941 466 988 σιγᾶν
484 933 644 975 ειδέναι.
676 935 811 987 μεῖζον
831 932 902 986 μὲν
919 933 995 986 γὰρ
1014 933 1156 987 ἐκεῖνο,
1176 934 1319 1013 μικρὸν
1339 932 1381 975 δὲ
1400 932 1494 975 οὐδὲ
1519 941 1645 975 τοῦτο.

283 1002 322 1041 3.
347 998 416 1040 καὶ
440 1000 483 1040 τό
507 1015 548 1054 γε
574 1006 697 1040 πᾶσιν
722 998 956 1054 ἐγκαλεῖν,“
933 1015 992 1040 οτι
1017 999 1072 1052 μὴ
1098 999 1292 1052 πετόμενα
1315 1000 1524 1053 γράμματα
1549 1003 1646 1053 λαμ-

281 1065 432 1119 βάνεις,
457 1064 658 1116 ἀφείσθω·
685 1065 936 1118 μεμφόμενος
962 1063 1037 1119 γὰρ
1068 1063 1094 1105 ἃ
1120 1065 1174 1118 μὴ
1199 1071 1400 1118 προσῆκεν
1428 1064 1472 1106 ἐν
1498 1064 1646 1118 μέμψει

281 1131 386 1187 γίνῃ.
418 1128 532 1183 ἡμεῖς
567 1129 612 1171 δέ
646 1142 709 1171 σοι
744 1137 822 1170 νῦν
856 1129 905 1172 οὐ
940 1129 1015 1183 τὴν
1050 1126 1104 1171 δι’
1125 1128 1324 1186 ’Ἅρματος
1361 1129 1646 1183 ἑπιστέλλομεν,

288 1191 372 1237 ἀλλ’
394 1194 483 1249 ἄρτι
508 1196 643 1244 δόντες
667 1199 721 1252 τῷ
746 1196 864 1236 παιδί
886 1209 960 1236 σου
985 1196 1194 1250 γράμματα
1219 1192 1327 1236 ταῦτ’
1356 1195 1483 1245 εὐθὺς
1504 1191 1645 1250 Ὀλυμ-

228 1278 262 1303 15
281 1262 361 1319 πίφ
387 1261 629 1314 δεδώκαμεν,
654 1258 703 1302 ὃν
728 1257 850 1302 οἶσθά
875 1276 914 1302 τε
940 1260 1006 1302 καὶ
1037 1260 1153 1310 εἰδὼς
1184 1256 1229 1304 εὖ
1260 1261 1461 1315 ποιήσεις,
1486 1261 1508 1302 ὅ
1532 1277 1570 1302 τι
1593 1260 1645 1302 ἂν

280 1327 383 1384 ἔχῃς.

208 1406 257 1440 W
284 1410 353 1443 523
928 1403 1000 1440 κη·

833 1459 1093 1515 Φιλαγρίω.

340 1529 422 1571 Καὶ
457 1529 511 1579 ὡς
544 1529 673 1585 ανδρα
712 1530 880 1584 χρηστὸν
914 1530 981 1570 καὶ
1015 1529 1068 1578 ὡς
1102 1529 1287 1583 ἔμπειρον
1328 1531 1456 1585 λόγων
1489 1529 1556 1571 καὶ
1591 1529 1644 1579 ὡς

227 1613 260 1638 ιο
283 1594 381 1645 ὀξὺν
406 1596 648 1650 στρατιώτην
673 1595 740 1636 καὶ
771 1593 825 1644 ὡς
858 1594 1047 1650 ἡμέτερον
1079 1597 1198 1647 φίλον
1230 1594 1357 1648 ηδέως
1387 1611 1426 1636 τε
1458 1594 1551 1647 ὄψει
1575 1595 1645 1637 τὸν

280 1661 498 1702 Διονύσιον
523 1660 590 1701 καὶ
615 1661 801 1714 χαίροντα
819 1659 1082 1714 ἀποπέμψεις.
1109 1662 1350 1714 μαντεύομαι
1374 1661 1448 1715 γὰρ
1466 1665 1645 1716 θαρρῶν.

353 1758 370 1788 1
400 1754 492 1798 Vty
472 1767 517 1798 γ,
497 1752 640 1810 ’σρδῖ
676 1753 730 1789 Va
755 1751 802 1797 ς’,
828 1751 911 1799 017¹.
947 1753 998 1789 Vo
1024 1751 1071 1797 ς’,
1098 1751 1171 1800 (κγ’
1246 1756 1289 1788 17
1325 1753 1374 1789 Vt
1395 1750 1442 1799 γ’,
1463 1752 1553 1800 uqs'.
1587 1754 1644 1790 Va

307 1799 429 1844 ’,ριδ’
471 1797 587 1844 Vog',
607 1799 693 1845 (ηδ’.
719 1800 847 1848 Α[ιβ’]

351 1889 372 1920 2
399 1884 546 1920 Siever·
567 1887 612 1920 ‘15
632 1886 710 1921 not.
729 1887 787 1919 29.
815 1883 933 1920 Seeck
957 1887 1035 1920 184.
1057 1887 1126 1920 337
1178 1889 1199 1920 3
1226 1883 1296 1920 od.
1317 1897 1338 1920 ο
1360 1888 1406 1920 74
1460 1887 1503 1920 13
1517 1883 1564 1920 cf.
1585 1895 1642 1929 ep.

279 1934 361 1968 477.
388 1931 590 1968 Salzmann
615 1935 661 1967 33
749 1936 793 1968 14
819 1932 866 1968 cf.
892 1944 950 1978 ep.
972 1935 1041 1968 603
1064 1934 1069 1977 Ι
1092 1932 1210 1968 Seeck
1236 1935 1305 1967 225
1327 1931 1377 1967 VI
1454 1935 1498 1968 18
1525 1931 1644 1968 Seeck

279 1983 349 2015 2:37
369 1978 431 2015 IV.
457 1982 539 2015 387.
566 1978 735 2016 Silomon
760 1983 818 2015 54.
845 1979 892 2015 de
925 1990 1024 2015 auno
1049 1991 1134 2026 epp.
1162 1983 1352 2016 608—614
1379 1989 1516 2026 parum
1549 1979 1644 2015 mihi

279 2029 429 2062 constat
501 2030 544 2062 21
573 2027 692 2063 Seeck
720 2027 886 2073 1221111
909 2026 957 2063 cf.
978 2039 1035 2073 ep.
1059 2031 1128 2063 556

351 2115 372 2146 ³
398 2109 479 2146 ἀλλ
503 2111 606 2156 εἴπερ
633 2110 696 2146 del
721 2112 778 2148 Va
850 2114 873 2146 4
898 2109 1000 2160 μόνῳ
1025 2110 1160 2171 scripsi
1179 2122 1200 2147 ο
1226 2112 1342 2148 VaVo
1368 2110 1465 2157 μόνη
1492 2111 1528 2147 V
1556 2113 1562 2156 Ι
1600 2111 1643 2147 τὸ

287 2158 343 2194 Va
398 2162 420 2194 5
445 2159 616 2195 άπιστεῖν
641 2159 681 2194 in
705 2170 815 2205 marg
840 2158 895 2196 V’
919 2160 958 2194 et
982 2157 1156 2219 κείμενον
1179 2169 1331 2204 praescr
1356 2158 1413 2194 m‘
1470 2162 1489 2194 7
1516 2156 1644 2195 ἀλλ’-

280 2209 301 2240 8
327 2204 491 2250 τρόπους
514 2206 555 2241 in
580 2217 687 2253 marg
721 2206 776 2243 V·
867 2210 889 2243 8
914 2205 1167 2251 ἀνεκτήσαντο
1195 2206 1250 2243 V·
1280 2206 1362 2242 sed
1373 2220 1397 2241 α
1423 2216 1538 2252 supra
1563 2218 1581 2242 ε
1605 2208 1645 2242 efi

279 2266 321 2288 αι
343 2264 460 2309 pupra
485 2267 522 2295 α
543 2255 599 2290 Va
608 2255 659 2292 Vo
684 2254 751 2290 ned
775 2254 815 2290 in
835 2254 965 2290 hocin
985 2253 1260 2299 ἀνακτήσαιντο
1280 2264 1364 2289 cort
1380 2253 1438 2289 ω’
1483 2258 1526 2290 11
1545 2252 1589 2290 τό
1603 2267 1644 2300 γε

279 2300 415 2347 scripsi
441 2311 461 2336 e
487 2301 522 2336 V
543 2301 610 2337 sed
634 2303 723 2348 pont
747 2315 768 2338 ο
786 2312 848 2338 rau
874 2305 894 2337 2
921 2301 986 2337 litt
1010 2302 1204 2348 ((1.2),ῐό
1228 2301 1295 2337 sed
1314 2312 1335 2337 e
1359 2306 1427 2337 τοῦ
1451 2314 1492 2346 γε
1518 2312 1602 2338 con·

276 2353 346 2384 τοῦ
371 2361 414 2395 γε
439 2348 495 2385 Va
529 2348 635 2384 Wolf
700 2354 706 2395 Ι
780 2349 967 2395 πετόμενα
999 2350 1133 2395 scripsi
1165 2351 1317 2385 auctore
1349 2348 1404 2384 Re
1440 2348 1644 2395 πετόμενος

278 2396 506 2442 (πετόμενος
534 2397 601 2442 Va)
625 2396 716 2432 libri
742 2396 850 2433 Wolf
914 2401 958 2432 12
984 2397 1119 2442 ἀφεῖσα
1143 2397 1200 2433 Re
1225 2396 1292 2433 sed
1317 2397 1373 2442 ἀφ
1376 2394 1461 2432 ίστω
1487 2396 1565 2443 Sap
1566 2397 1608 2442 pl
1634 2397 1639 2442 1

278 2442 419 2488 μέμψει
444 2444 479 2479 V
500 2443 566 2479 ned
591 2456 625 2480 ει
649 2455 732 2480 corr
756 2445 814 2480 m*
866 2448 907 2480 13
934 2443 1041 2491 γίγνῃ
1069 2445 1126 2480 Va
1187 2448 1232 2480 14
1256 2449 1377 2479 ταῦτα
1402 2445 1519 2480 VaVo
1539 2408 1647 2480 Wolf

329 2494 374 2527 15
399 2489 569 2534 ποιήσεις
593 2491 727 2538 scripsi
752 2503 774 2528 e
801 2493 837 2529 V
856 2492 923 2528 sed
948 2504 968 2528 e
994 2497 1118 2528 ποιεῖσ
1152 2492 1205 2533 εἰς
1235 2502 1318 2528 corr
1341 2491 1399 2526 m‘
1433 2498 1566 2537 ποιεῖς,
1592 2492 1646 2534 εἰς
