1806 2964
290 222 377 265 548
884 216 1028 252 bIBAN
1029 216 1063 252 11

289 333 445 384 ἐκείνην
465 330 563 385 ὁρᾶν
583 331 648 371 καὶ
668 329 796 383 λόγων
820 328 983 369 ἀκούειν
1001 327 1163 368 ἐκείνων
1187 326 1253 367 καὶ
1271 328 1479 376 παίζοντος
1503 327 1651 381 γάννυ-

292 403 390 438 σθαι
435 396 500 437 καὶ
549 396 840 444 σπουδάζοντος
892 392 1146 445 ὠφελεῖσθαι.
1214 395 1254 432 4.
1294 398 1372 445 χρῶ
1419 393 1558 433 τοίνυν
1602 395 1656 447 τῷ

290 467 418 511 καλῶς
443 461 644 518 εὖρημένῳ
678 461 887 514 φαρμάκῳ.
929 459 964 499 εἰ
995 457 1037 499 δὲ
1067 457 1135 499 καὶ
1166 457 1213 498 τὰ
1245 455 1410 510 ἡμέτεροι
1441 458 1650 511 γράμματα

292 529 517 583 φάρμακον,
543 526 641 575 ἕξεις
666 525 731 566 ἐπὶ
756 529 809 582 τῷ
832 523 1006 579 προτέρῳ
1031 523 1075 563 τὸ
1101 523 1297 578 δεύτερον.

222 679 268 714 W
293 682 361 714 497
912 663 1024 720 φπβ’.

255 771 270 794 ε,
730 747 1072 808 Ἀρισταινέτῳ.
1105 754 1212 797 (357)

356 842 389 877 1.
420 837 531 888 Καλή
560 851 601 889 γε
627 834 651 888 ἡ
680 835 865 888 συνωρίς,
891 833 941 874 σὺ
972 832 1039 874 καὶ
1074 833 1264 886 Δομέτιος
1295 837 1317 874 ὁ
1352 831 1529 886 χρηστός.
1566 831 1652 880 ζεύ-

291 914 408 956 γνυσι
445 901 488 942 δὲ
525 902 630 953 ὑμᾶς
666 898 827 953 ἡνίοχος
863 898 1020 953 ἀγαθὸς
1058 900 1153 951 μίαν
1186 905 1333 951 ψῆφον
1366 896 1465 954 ’ὑπὲρ
1499 895 1653 949 ἀμφοῖν

292 967 473 1020 θέμενος.
518 965 540 1006 ὁ
571 965 646 1019 γὰρ
679 964 721 1006 σὲ
752 968 885 1005 καλῶν
915 964 980 1006 ἐπὶ
1011 965 1203 1020 κοινωνίᾳ
1233 970 1313 1004 τῶν
1343 963 1480 1005 πόνων
1510 967 1653 1003 τοῦτον

239 1049 274 1075 ιο
294 1029 412 1079 οὗτος
435 1032 499 1072 ἐπὶ
518 1036 600 1081 τοῖς
626 1032 738 1079 ἴσοις.
782 1034 819 1071 2.
845 1029 943 1071 ἀλλὰ
968 1030 1017 1070 σὺ
1053 1029 1126 1082 μὲν
1160 1028 1254 1070 οὐδὲ
1285 1028 1497 1082 μελετήσας
1519 1031 1653 1080 καθῆ-

293 1103 391 1139 σθαι
426 1097 575 1150 μένεις,
610 1095 631 1137 ὁ
666 1095 709 1137 δὲ
745 1096 891 1149 ἔρχεται
924 1101 1110 1147 κουφιῶν
1143 1095 1212 1136 τὸν
1245 1093 1427 1148 ἄρχοντα,
1441 1091 1447 1096 ’
1461 1092 1654 1146 μακάριος

296 1163 381 1215 μέν,
406 1159 479 1215 ὑφ’
503 1163 593 1204 οἴου
620 1164 822 1214 κέκληται,
853 1161 1034 1213 ποιήσων
1065 1159 1107 1201 δὲ
1141 1160 1327 1200 κάκεῖνον
1361 1159 1580 1211 εὐδαίμονα
1603 1163 1650 1214 τῇ

292 1225 386 1283 παρ’
424 1228 548 1269 αὑτοῦ
580 1231 698 1284 φορᾷ.
737 1227 816 1268 ἔστι
849 1225 890 1267 δὲ
922 1225 947 1278 ἡ
983 1225 1090 1279 φορὰ
1125 1226 1262 1278 νόμων
1291 1224 1492 1277 ἐμπειρία,
1523 1223 1653 1277 λόγων

293 1294 486 1347 δεινότης,
511 1294 748 1345 δικαιοσύνη
774 1293 944 1347 τρόπων.
985 1295 1021 1332 3.
1049 1291 1098 1332 σὺ
1123 1291 1263 1331 τοίνυν
1293 1294 1346 1347 τῷ
1379 1288 1451 1342 μὲν
1482 1287 1652 1341 συνηδό-

241 1376 274 1403 15
295 1376 426 1413 μενος,
450 1357 539 1401 οἷον
557 1360 739 1412 λήψεται,
764 1363 816 1414 τῷ
829 1357 871 1399 δὲ
890 1353 984 1411 παρ’
1007 1353 1096 1398 οἷον
1115 1356 1275 1410 ἔρχεται,
1299 1355 1368 1396 τὸν
1385 1353 1514 1409 ἄνδρα
1532 1359 1654 1396 ποιοῦ

294 1428 426 1477 φίλον,
451 1426 545 1466 ὥστε
571 1425 636 1465 καὶ
664 1424 726 1465 σοὶ
752 1428 1010 1476 συνησθῆναι
1035 1419 1335 1474 τοῦκτήματος.

365 1557 386 1588 6
422 1554 470 1589 VJ
492 1552 540 1598 γ’,
565 1551 656 1588 σοοί.
691 1553 744 1587 Va
772 1551 818 1593 ς’,
844 1549 920 1596 σπη’.
948 1551 1000 1586 Vo
1026 1549 1073 1594 ς’,
1098 1549 1163 1595 κη’

366 1677 387 1708 4
415 1672 613 1707 Salzmann
640 1675 690 1706 64·
736 1674 757 1705 6
783 1669 928 1706 Sievers
954 1671 1079 1712 228‚2.
1107 1667 1224 1703 Seeck
1250 1670 1307 1702 87.
1334 1669 1402 1702 336
1478 1667 1496 1700 ⁷
1523 1663 1652 1700 Domi-

294 1719 587 1814 ξὲιεδῇοέοὸεέιιε
615 1719 658 1753 cf.
680 1717 798 1754 Seeck
824 1721 892 1752 ⁶313
984 1719 1004 1751 ‘3
1030 1714 1230 1751 Anatolius
1256 1714 1301 1750 cf.
1322 1725 1379 1760 ep.
1401 1716 1470 1748 583
1539 1715 1584 1747 10
1604 1711 1651 1748 cf.

372 1898 385 1927 1
418 1892 631 1938 γάννυσθαι
668 1889 799 1936 scripsi
832 1887 905 1925 coll
937 1899 994 1934 ep.
1017 1891 1085 1922 216
1133 1887 1320 1922 ἀνιᾶσθαι
1346 1884 1539 1922 VVaros
1567 1882 1653 1930 ἤδε-

298 1943 389 1975 σθαι
422 1953 442 1974 e
476 1939 576 1975 Med.
607 1940 642 1974 B
676 1940 737 1982 (=
764 1937 884 1973 Laur.
915 1936 1034 1972 LVII
1058 1938 1121 1980 19)
1160 1933 1268 1969 Wolf
1366 1938 1387 1968 2
1405 1933 1652 1977 ’ὠφελεῖσθαι

296 1988 430 2033 ascripsi
455 1988 675 2032 ὠφελῆσθαι
703 1987 735 2020 1'
763 1985 828 2020 sed
860 1985 960 2028 ὠφελ
986 1983 1025 2018 in
1050 1982 1110 2018 lac
1138 1986 1178 2017 11
1206 1983 1283 2017 fere
1308 1981 1372 2016 litt
1396 1980 1463 2023 m⁴‚
1489 1993 1533 2026 γρ
1565 1991 1653 2015 νου-

293 2037 492 2071 θετετσθαι
523 2034 562 2070 in
589 2045 696 2080 marg
720 2032 778 2068 m⁸
796 2033 1066 2068 νουθετεῖσθαι
1094 2031 1150 2065 Va
1161 2029 1247 2066 Vos
1265 2028 1372 2064 Wolf
1441 2031 1462 2063 3
1482 2029 1602 2068 καλῶς
1622 2027 1657 2062 V

295 2084 361 2118 sed
387 2089 437 2124 ῶς
461 2094 506 2118 ex
532 2088 560 2117 ῶ
586 2093 669 2117 corr
699 2081 755 2115 ιιι·
827 2083 848 2114 4
875 2079 939 2114 καὶ
970 2076 1012 2114 τὸ
1044 2077 1128 2113 coni
1159 2077 1213 2113 Re
1295 2080 1317 2112 8
1348 2076 1446 2122 ἡμᾶς
1473 2075 1587 2111 VaVo

296 2135 316 2166 9
343 2131 408 2166 καὶ
434 2132 520 2166 ante
539 2135 674 2165 τοῦτον
697 2129 797 2163 inser
823 2127 877 2163 V³
898 2129 904 2172 Ι
925 2132 1059 2161 τοῦτον
1084 2136 1104 2160 ο
1130 2125 1270 2161 τούτων
1291 2134 1373 2160 corr
1399 2123 1448 2159 V⁸
1497 2126 1542 2158 10
1561 2119 1651 2158 οὐδὲ

296 2178 429 2224 scripsi
472 2177 555 2213 οὔτε
582 2176 671 2212 libri
696 2175 804 2211 Wolf
895 2179 935 2210 11
965 2172 1000 2209 δ’
1027 2172 1134 2208 Wolf
1217 2176 1260 2207 12
1286 2171 1453 2220 ποιήσων
1477 2169 1611 2215 ιοῐίρεί
1631 2179 1652 2204 e

304 2227 337 2261 V
359 2226 424 2261 sed
445 2236 465 2261 e
484 2223 642 2270 ποίησον
668 2234 750 2259 corr
768 2223 834 2267 m³‚
854 2224 898 2257 ut
917 2221 1002 2257 coni
1034 2219 1211 2256 Seeckius
1237 2223 1305 2254 336
1357 2215 1518 2264 ποίησον
1537 2218 1593 2253 Va
1602 2217 1655 2252 Vo

297 2273 362 2308 sed
388 2273 428 2308 in
453 2273 523 2308 hoc
543 2271 553 2284 ¹
573 2282 688 2318 supra
714 2285 727 2306 ι
747 2270 809 2306 del
828 2271 867 2305 et
886 2280 999 2315 supra.
1019 2282 1040 2314 η
1060 2279 1127 2313 pos
1152 2267 1220 2310 m⁴,
1245 2266 1351 2302 Wolf
1388 2264 1536 2311 ποιήσει
1562 2264 1616 2299 Ro

300 2324 342 2355 13
369 2321 485 2357 αὐτοῦ
509 2320 598 2355 libri
626 2318 732 2354 Wolf
779 2321 822 2353 15
842 2322 954 2354 ποιοῦ
972 2314 1038 2353 τὸν
1058 2316 1180 2360 ἄνδρα
1203 2316 1238 2351 V
