1806 2964
586 210 854 249 EPISTULAE'
878 215 1069 250 ass—84⁷
1208 232 1210 234 ·
1437 213 1496 256 32
1500 213 1524 258 7

157 323 407 377 ἐπαυσάμην.
441 326 480 364 2.
506 319 620 377 οἶμαι
639 322 697 377 δέ,
724 323 773 366 οὗ
798 324 919 366 λίθον
944 324 1108 378 ἕψομεν.
1135 321 1221 368 ἀλλ’
1244 325 1407 368 ἀκούων
1431 330 1530 368 πολ-

156 389 270 440 λάκις
299 388 355 439 ὡς
386 388 454 431 διὰ
486 390 752 444 δικαιοσύνην
787 389 937 442 πατρὸς
969 390 1095 445 πένης
1137 392 1200 446 εἴη
1238 391 1306 434 καὶ
1338 392 1398 434 ὅτι
1433 393 1530 446 μίαν

159 454 259 498 ὁδὸν
283 454 348 496 ἐπὶ
371 458 546 498 πλοῦτον
576 454 652 510 ἔχει
683 455 778 507 τοὺς
809 456 972 512 λόγους,
1003 457 1125 511 δῆλός
1156 456 1263 500 ἔστιν
1287 458 1466 500 ἐπαινῶν
1490 474 1531 500 τε

157 519 265 576 ἡμᾶς
288 520 357 563 καὶ
385 520 630 575 πειθόμενος
660 520 727 564 καὶ
752 523 803 565 οὐ
834 523 943 564 πάνυ
969 522 1158 577 δεόμενος
1182 523 1347 577 ἀκούειν
1379 524 1439 567 ὅτι
1464 524 1530 566 λό-

154 603 255 643 γους
277 587 386 646 αὐτῷ
407 586 582 641 κτητέον.
620 590 658 629 3.
684 588 753 630 δεῖ
770 587 821 642 δὴ
841 587 909 630 καὶ
927 587 970 630 σὲ
990 588 1045 643 μὴ
1064 590 1196 631 πάντα
1214 589 1415 645 ἐπιτιμᾶν,
1439 587 1526 632 ἀλλ’
1566 606 1584 635 s

155 653 237 708 ἤδη
267 653 334 695 καὶ
367 653 593 708 συγχαίρειν
625 652 679 704 ὥς
713 653 778 696 ἐπὶ
809 656 1038 713 προθυμίᾳ·
1074 655 1142 697 καὶ
1175 656 1252 713 γὰρ
1283 657 1381 699 αὐτὸ
1413 664 1530 699 τοῦτο

155 720 372 776 φάρμακον
396 721 454 770 εἰς
477 721 726 776 προθυμίαν.

792 849 888 908 τμξ.
1457 863 1507 900 w
1532 867 1610 901 850

652 933 890 996 Ἐκδικίῳ.
922 942 1033 987 (358)

219 1026 257 1063 1.
271 1019 389 1062 “Huc
413 1034 478 1063 σοι
510 1018 587 1075 μετ’
614 1021 721 1076 ἐμῶν
751 1022 994 1077 γραμμάτων
1019 1022 1040 1065 ὁ
1067 1025 1296 1075 Διονύσιος.
1334 1024 1528 1080 πρότερον
1548 1041 1584 1068 ιο

154 1085 199 1128 δὲ
223 1086 301 1130 οὐκ
324 1086 529 1143 ἐθάρρουν
555 1087 792 1130 ἐπιστέλλειν
823 1087 999 1143 κατέχων
1031 1090 1103 1132 τὸν
1126 1091 1360 1133 Διονύσιον.
1399 1092 1530 1133 καίτοι

152 1153 224 1195 τὸν
247 1153 394 1209 χρόνον
412 1152 438 1208 ἡ
458 1160 538 1196 τῶν
556 1154 745 1210 γραφέων
762 1154 888 1197 ἐποίει
907 1156 1067 1208 σπάνις,
1085 1153 1174 1198 ἀλλ’
1198 1157 1307 1211 ὅμως
1326 1157 1402 1200 οὐκ
1420 1153 1528 1212 εἶχον

153 1218 210 1273 μὴ
228 1219 306 1261 οὐκ
323 1220 587 1275 αἰσχύνεσθαι
611 1225 665 1278 τῷ
680 1221 821 1279 χρόνῳ.
856 1224 894 1264 2.
907 1227 985 1263 νῦν
1011 1216 1088 1263 οὖν
1112 1221 1250 1277 ἐπειδή
1269 1220 1374 1265 ποθ’
1396 1223 1527 1280 ὑπῆρ-

153 1289 220 1335 ξεν
253 1285 481 1328 ἀποδοῦναι
514 1287 585 1330 τὸν
624 1287 843 1341 σοφιστήν,
880 1288 1016 1338 ἔδοξεν
1052 1289 1126 1343 οὐχ
1152 1287 1391 1343 Ἑλληνικὸν
1423 1286 1531 1331 εἶναί

152 1367 221 1404 μοι
245 1351 312 1394 διὰ
338 1359 454 1408 σιγῆς
483 1353 735 1407 ποιήσασθαι
765 1353 840 1407 τὴν
870 1353 1089 1408 ἀπόδοσιν,
1120 1351 1209 1397 ἀλλ’
1232 1356 1365 1411 ὥσπερ
1395 1356 1525 1398 ἐκεῖνο
1546 1374 1580 1400 1⁶

151 1417 323 1473 μετέχειν
349 1417 568 1473 ἀναιδείας,
587 1420 692 1462 οὕτω
710 1427 829 1462 τοῦτο
847 1419 984 1476 πόρρω
1004 1424 1193 1464 Μουσῶν
1218 1422 1391 1465 ἑστάναι.
1423 1425 1462 1464 3.
1477 1422 1528 1464 σὺ

150 1485 290 1526 τοίνυν
313 1484 361 1526 τὰ
380 1483 454 1539 μὲν
477 1486 689 1541 γράμματα
713 1485 884 1542 ἀμείβου
917 1486 986 1529 καὶ
1017 1495 1140 1530 ταῦτα
1169 1489 1314 1539 κάλλος
1344 1490 1527 1545 γραμμά-

150 1566 232 1592 των
255 1550 506 1605 κεκτημένος,
531 1552 737 1609 διφθέραν
761 1551 805 1595 δὲ
823 1551 923 1607 ἡμῖν
941 1555 1142 1608 μηδεμίαν
1159 1555 1299 1609 πέμπε.
1332 1556 1427 1614 ἐρᾷς
1450 1556 1527 1611 γὰρ

151 1616 300 1669 αὐτῶν,
325 1617 393 1659 καὶ
416 1621 548 1668 καλῶς
573 1623 713 1668 ποιεῖς.
751 1619 857 1674 βαρὺ
889 1618 933 1662 δὲ
966 1619 1108 1674 ἐρῶντι
1138 1621 1339 1664 κοινωνὸν
1373 1623 1527 1677 λαμβά-

151 1698 237 1724 νειν
261 1689 343 1725 τῶν
366 1685 576 1726 παιδικῶν.
1546 1704 1582 1732 ιο

223 1815 246 1847 8
281 1812 332 1850 V!
353 1811 399 1859 γ’,
424 1811 487 1856 λζ.
521 1813 577 1850 Va
601 1812 650 1860 δ’,
675 1812 737 1858 λζ’.
772 1814 825 1852 Vo
844 1813 892 1861 δ’,
917 1813 981 1859 λζ.
1007 1814 1101 1864 δ’β’,
1127 1815 1190 1856 ις’.
1223 1817 1272 1854 Vi
1288 1816 1352 1863 ρε’.
1380 1818 1422 1854 D
1441 1818 1525 1863 σμς’

225 1936 244 1968 1
272 1932 335 1969 Δι’.
348 1943 449 1979 vesp.
464 1936 545 1969 280.
561 1933 691 1982 [Plan]
710 1933 822 1981 Eryx.
833 1947 871 1982 p.
885 1938 956 1972 40⁶
971 1935 1012 1971 B.
1040 1935 1244 1974 Salmann
1257 1941 1302 1974 91
1362 1941 1382 1973 9
1404 1937 1523 1974 Seeck

154 1980 281 2017 12511.
307 1983 390 2017 343.
416 1980 585 2018 Silomon
612 1985 657 2018 16
733 1986 778 2019 10
804 1982 924 2020 Seeck
950 1987 1031 2022 122.
1058 1988 1130 2021 343

223 2103 246 2136 6
271 2100 364 2137 αὐτὸ
390 2101 525 2148 scripsi
550 2112 571 2138 e
598 2102 634 2138 V
669 2103 771 2151 αὐτῷ
798 2104 853 2141 Va
863 2105 916 2142 Vo
940 2103 1050 2141 Wolf
1121 2108 1167 2141 10
1193 2115 1253 2142 σοι
1277 2105 1418 2142 inserui
1446 2117 1467 2142 e
1494 2107 1529 2142 V

175 2158 238 2184 om
264 2148 523 2187 VaVoSViD
548 2149 679 2197 Wolf}
701 2150 722 2187 ὁ
747 2162 811 2188 om
835 2153 877 2188 D
950 2156 994 2189 11
1022 2152 1065 2189 δὲ
1091 2152 1227 2199 scripsi
1252 2165 1272 2190 e
1300 2154 1500 2192 VaVoSD

151 2194 219 2241 μὲν
245 2196 282 2233 V
302 2195 410 2233 Wolf
479 2201 525 2234 14
550 2198 734 2246 σοφιστήν
758 2199 798 2236 in
823 2199 885 2237 lac
909 2212 972 2237 om
997 2201 1027 2238 S
1101 2205 1144 2237 15
1171 2203 1345 2250 διασιγῆς
1373 2203 1427 2239 Va

153 2247 199 2280 18
221 2244 318 2291 μηδὲ
348 2243 442 2292 μίαν
467 2246 514 2283 Vi
535 2248 541 2292 Ι
562 2246 682 2293 μηδέν
706 2249 794 2294 post
823 2247 947 2295 πέμπε
981 2249 1017 2286 V
1045 2249 1113 2285 sed
1145 2260 1245 2295 ersa,
1281 2250 1445 2296 μηδενὸς
1471 2251 1524 2289 Vo

151 2292 428 2388 qiu-oldazestitui
452 2294 576 2379 v0V11⁶1it
601 2295 655 2332 ae
731 2300 775 2332 19
800 2296 930 2334 δεινὸν
958 2297 995 2334 V
1013 2297 1082 2333 sed
1101 2311 1146 2344 γρ
1166 2299 1265 2346 βαρὺ
1285 2298 1327 2335 δὲ
1346 2298 1388 2334 in
1413 2309 1524 2346 marg

150 2351 190 2376 m
324 2350 366 2377 m
390 2352 452 2379 ηδ
