1806 2964
636 208 908 246 EP1STULAE
935 211 1127 245 258—262
1239 245 1242 247 Α
1483 204 1571 247 251

196 342 260 368 ται
290 324 480 381 χρηστόν,
513 324 588 366 οὐκ
619 319 730 377 οἶδα,
762 329 841 364 τῶν
874 320 917 363 δὲ
953 319 1082 363 ὄντων
1114 319 1339 362 ἀπολαῦσαι
1371 318 1577 373 πρόκειται

197 396 281 443 τοῖς
305 391 491 434 ἐθέλουσι
518 393 666 444 μᾶλλον
691 388 718 444 ἣ
743 395 918 444 κρηνῶν.
955 387 1024 429 καὶ
1047 393 1126 428 τῶν
1145 385 1249 428 νέων
1268 380 1387 435 οὗτος
1405 387 1578 438 φιλεῖται

196 457 319 500 πλέον
338 459 444 507 ὅστις
464 457 590 507 αἴτιός
615 471 684 510 μοι
708 456 830 497 πλείω
854 458 1008 496 πονεῖν.
1036 456 1075 495 2.
1093 453 1336 508 Φιλόπατρις
1362 450 1406 494 δὲ
1430 451 1467 492 εἰ
1490 451 1578 492 πεί-

197 537 300 567 σειεν
325 524 449 567 αὑτὸν
478 530 609 577 κτῆμα
632 522 755 564 καλὸν
780 518 884 564 εἶναι
907 522 1002 571 τοὺς
1027 521 1186 576 λόγους,
1209 519 1295 573 ἥξει
1321 517 1457 573 φέρων
1479 516 1578 570 ὑμῖν

196 587 264 645 ἐφ’
293 588 354 641 οἷς
385 588 488 644 ἡδίω
522 602 564 631 σε
589 589 759 642 ποιήσει.
799 589 850 630 σὺ
883 587 1019 642 μέντοι
1049 603 1094 641 με
1118 585 1200 640 ἤδη
1225 586 1449 638 πεποίηκας
1472 581 1575 637 ἡδίω
1615 598 1632 626 s

197 658 268 700 τὸν
299 656 470 713 ἄρχοντα
502 656 672 710 φάσκων
703 652 807 697 εἶναι
836 661 953 697 τοῦτο
986 652 1009 696 ὃ
1040 657 1225 695 καλεῖται.
1260 651 1327 693 καὶ
1356 651 1431 706 ἔχω
1461 650 1577 705 χάριν

198 723 401 781 Εὔθηρίῳ
428 721 513 778 μέν,
539 722 600 764 ὅτι
624 721 730 764 ἐστὶν
756 721 926 777 ἀγαθός,
953 720 1017 762 σοὶ
1036 719 1093 774 δέ,
1119 719 1180 761 ὅτι
1197 725 1362 761 τοιαῦτα
1380 716 1472 773 περὶ
1490 715 1577 758 Εὐ-

195 791 348 844 θηρίου
375 790 553 844 μηνύεις.

837 858 931 910 oga<
1502 862 1554 899 W
1580 867 1651 899 264

693 945 927 1003 Εὐσεβίφ.
964 955 1073 999 (358)
1596 956 1633 983 ιο

261 1035 299 1073 1.
331 1032 396 1074 Σὺ
428 1030 502 1085 μὲν
533 1030 560 1072 ἃ
585 1029 735 1086 πατέρα
759 1029 865 1079 εἰκὸς
889 1028 1147 1083 ἐπέσταλκας,
1171 1028 1248 1084 ἐγὼ
1273 1027 1317 1069 δὲ
1343 1025 1463 1070 οὐδὲν
1488 1028 1576 1081 βελ-

199 1099 296 1140 τίων
327 1098 407 1140 ὑπὸ
439 1105 510 1152 τῆς
535 1097 744 1150 ἐπιστολῆς
768 1095 996 1151 γεγένημαι.
1030 1094 1057 1136 ἃ
1084 1095 1160 1151 γὰρ
1185 1093 1237 1136 ἂν
1262 1093 1379 1144 ἄλλος
1403 1092 1470 1136 ἐπὶ
1493 1097 1578 1142 τοῖς

196 1164 426 1219 γράμμασιν
451 1164 627 1220 ἔπραττε,
652 1159 764 1204 ταῦτ’
786 1163 954 1204 ἐποίουν
979 1161 1055 1218 ἐγὼ
1079 1161 1177 1216 πρὶν
1196 1162 1310 1215 ’ἥκειν
1329 1160 1377 1202 τὰ
1394 1160 1578 1216 γράμμα-

198 1247 258 1273 τα.
296 1231 404 1281 ὅστις
429 1229 472 1272 δὲ
498 1230 634 1287 ἁπάσῃ
666 1236 714 1287 τῇ
735 1230 849 1286 ῥώμῃ
875 1230 1078 1285 χρώμενος
1102 1224 1185 1270 εἶτα
1209 1230 1507 1282 παρακαλεῖται,
1534 1226 1577 1268 τὸ

196 1297 439 1353 χαρίσασθαι
471 1300 555 1346 τοῖς
589 1299 891 1351 παρακαλοῦσιν
926 1295 1002 1337 οὐκ
1036 1295 1124 1350 ἔχει.
1173 1298 1211 1336 2.
1247 1293 1498 1348 μεμνημένος
1533 1293 1577 1336 δὲ
1597 1306 1633 1334 1⁶

197 1363 380 1419 ἀμοιβῶν
406 1364 510 1417 ζήτει
541 1362 609 1404 καὶ
635 1362 704 1412 τὰς
729 1362 818 1417 ἐμοὶ
842 1362 1084 1419 πρεπούσας.
1122 1362 1169 1402 αἱ
1194 1360 1238 1402 δέ
1261 1361 1363 1402 εἰσιν
1389 1361 1515 1402 εἰπεῖν
1540 1377 1578 1402 τι

196 1429 286 1485 περὶ
317 1429 417 1484 ἐμοῦ
443 1429 618 1484 βέλτιον,
650 1430 693 1471 εἴ
709 1430 749 1470 τί
772 1441 836 1471 σοι
863 1428 1017 1484 γένοιτο
1044 1424 1138 1483 παρ’
1167 1425 1284 1481 ἡμῶν
1308 1426 1443 1469 καλόν.
1481 1444 1578 1483 χρη-

196 1496 332 1557 μάτων
359 1495 402 1538 δὲ
428 1497 464 1537 εἰ
487 1499 646 1537 πολλῶν
672 1495 921 1549 ἐπεθύμουν,
947 1495 1024 1537 οὐκ
1049 1494 1100 1536 ἂν
1126 1489 1178 1548 ἧν
1204 1509 1273 1547 μοι
1298 1500 1376 1534 νῦν
1401 1492 1525 1549 ὀλίγα.

834 1618 932 1676 σξβ’.
1504 1630 1552 1666 W
1580 1635 1650 1668 265

673 1702 925 1759 Υπερεχίφ.
960 1712 1052 1756 (361
1065 1708 1101 1755 ἓ)
1597 1719 1633 1746 2⁰

261 1784 297 1822 1.
323 1781 380 1822 Ec
410 1779 453 1822 δὲ
479 1780 534 1834 μὴ
566 1785 660 1830 παῖς
686 1776 740 1835 ἦν
764 1780 968 1838 Ε’ὐθηρίῳ
994 1775 1090 1833 παρ’
1113 1777 1213 1833 ἡμῖν
1243 1778 1429 1829 κάκεῖνος
1452 1778 1576 1822 ἐδεῖτό

199 1859 273 1887 σου
298 1847 481 1902 γράφειν,
508 1846 643 1901 ἐσίγας
668 1845 720 1888 ἂν
745 1846 875 1902 ὥσπερ
897 1846 1105 1902 πρότερον,
1130 1846 1259 1887 καίτοι
1279 1857 1321 1887 σε
1339 1845 1577 1899 ἐδιδάξαμεν

271 1966 292 2000 9
324 1963 396 2003 Vn
417 1963 468 2008 α’,
494 1962 588 2010 σμκγῖ
622 1963 679 1999 Va
704 1962 750 2010 γ’,
777 1961 854 1999 νθ’.
888 1963 942 1999 Vo
967 1961 1013 2009 γ’,
1039 1961 1114 1999 νθ’.
1149 1962 1206 1998 Be
1231 1954 1285 2000 ὦ·

272 2014 316 2048 19
350 2012 418 2048 Vn
439 2009 489 2056 α’,
516 2010 613 2058 σμδ’.
646 2012 704 2049 Va
728 2010 775 2059 γ’,
800 2011 845 2055 ξ’.
880 2012 932 2047 Vo
957 2011 1003 2057 γ’,
1029 2010 1062 2054 ξ.
1094 2012 1151 2047 Be
1175 2023 1204 2046 π

271 2112 293 2145 3
319 2107 366 2145 of.
381 2118 440 2155 ep.
455 2111 537 2144 259.
552 2111 623 2145 260
674 2111 695 2144 6
720 2106 947 2143 Eutherium
973 2106 1018 2143 cf.
1040 2118 1098 2154 ep.
1115 2110 1184 2143 259
1242 2110 1288 2143 10
1308 2106 1429 2143 Seeck
1449 2110 1519 2143 140
1530 2106 1575 2144 X.

198 2158 281 2193 376.
306 2155 476 2193 Silomon
501 2160 548 2193 45
598 2158 646 2193 20
672 2155 818 2192 Sievers
843 2159 926 2199 210,
940 2159 974 2192 8.
1001 2154 1121 2192 Seeck
1137 2158 1215 2192 188.
1230 2158 1311 2191 376.
1342 2155 1513 2192 Silomon
1528 2158 1576 2192 48

273 2256 293 2289 1
319 2252 535 2289 ἀπολαῦσαι
549 2273 595 2280 -
610 2257 631 2289 2
657 2253 723 2289 καὶ
749 2263 812 2289 om
837 2253 895 2289 Be
983 2256 1004 2288 8
1030 2257 1099 2289 τοῦ
1125 2253 1215 2288 ante
1240 2255 1374 2289 πονεῖν
1400 2253 1458 2289 Be
1479 2254 1485 2299 Ι
1507 2264 1576 2289 πο-

202 2305 283 2337 νετν
306 2301 461 2347 reposui
484 2311 506 2337 ο
530 2300 640 2337 libris
665 2302 709 2337 ut
733 2300 822 2338 coni
846 2301 903 2337 Re
940 2306 1067 2337 ποιεῖν
1092 2300 1200 2336 Wolf
1282 2304 1304 2336 4
1331 2300 1450 2337 αὐτὸν
1485 2301 1539 2338 Va
1567 2302 1573 2346 Ι

197 2348 287 2395 ἡμῖν
308 2349 358 2386 Vo
437 2353 459 2386 5
479 2349 525 2385 σὺ
545 2350 585 2386 οὐ
604 2361 648 2395 με
667 2350 726 2387 Be
750 2349 819 2386 sed
837 2362 862 2386 ν
880 2349 921 2386 et
939 2361 957 2385 ε
977 2360 1059 2385 corr
1083 2348 1142 2384 m’
1230 2351 1251 2384 ⁷
1278 2346 1413 2434 ὅτι(2)ἒ
1441 2347 1462 2385 ὁ
1482 2349 1540 2385 Be
1567 2349 1572 2398 Ι

198 2401 268 2433 τοῦ
292 2397 381 2434 ante
407 2398 592 2444 εὐθηρίου
617 2398 674 2435 Be
742 2401 786 2434 11
811 2394 910 2442 πρὸσ
934 2398 1025 2434 ante
1049 2395 1196 2444 πατέρα
1222 2397 1259 2434 V
1321 2400 1366 2434 13
1414 2409 1577 2442 πραττεν

208 2445 266 2481 Va
339 2449 383 2482 15
409 2444 465 2494 δὲ]
488 2451 565 2483 τῶν
590 2446 647 2483 Be
721 2450 766 2483 16
791 2445 828 2483 τί
853 2446 911 2484 Va
943 2446 981 2482 τὶ
994 2446 1052 2483 Be
1120 2449 1164 2481 21
1191 2441 1348 2493 εὐσεβίω
1374 2445 1533 2483 VVaVo

199 2495 247 2528 22
273 2491 508 2541 ἐδιδαξάμην
533 2494 570 2530 V
590 2492 701 2530 Wolf
