1806 2964
615 239 882 276 EPISTULAE
908 242 1098 276 ⁵⁶4-5oo
1462 240 1551 284 533

181 359 262 394 τῶν
287 352 430 406 λόγων,
457 351 528 401 οὓς
553 352 744 405 εἰρῆσθαί
759 364 823 393 σοι
843 354 991 404 μᾶλλον
1010 347 1086 406 εἶχέ
1105 368 1172 405 μοι
1191 356 1320 402 καλῶς
1345 351 1371 406 ἢ
1397 359 1551 408 σεσιγῆ-

182 422 293 460 σθαι.
327 420 364 459 3.
391 418 461 459 τὸν
488 417 530 459 δὲ
555 418 759 472 Κύριλλον
783 419 906 459 πάλαι
929 419 1057 459 παῖδα
1082 420 1257 472 νομίζων
1276 419 1449 472 ἐμαυτοῦ
1474 426 1552 461 νῦν

180 483 262 538 ἤδη
287 483 354 526 καὶ
380 484 579 538 μειζόνως.
611 483 718 539 παρὰ
745 490 819 525 σοῦ
850 483 926 539 γὰρ
951 484 1040 537 ἥκει
1071 500 1139 538 μοι
1177 491 1250 526 νῦν
1282 492 1352 526 τοῦ
1382 485 1552 527 πάππου

180 551 419 605 τιμιώτερος.
892 606 902 621 l

810 612 914 664 φξς.
1477 618 1527 654 w
1553 623 1620 655 481

626 678 876 740 Ὀλυμπίῳ.
909 692 1015 736 (357)
1588 699 1604 724 ι

244 772 280 808 1.
304 763 406 808 Ἀλλ’
436 766 472 808 εἰ
495 766 563 807 καὶ
589 766 788 821 βραδέως,
821 766 1051 821 ὑπηρέτηκά
1076 765 1120 822 γέ
1146 779 1229 821 σοι,
1254 767 1320 808 καὶ
1346 766 1480 821 λαβὼν
1504 767 1552 808 τὰ

181 832 336 875 Κέλσου
362 834 558 886 δοκίμαζε.
589 833 722 882 δοκεῖς
753 833 828 887 γὰρ
854 832 920 874 ἐπὶ
951 833 1115 891 βασάνῳ
1142 849 1210 886 μοι
1242 837 1392 886 μᾶλλον
1427 832 1454 887 ἢ
1479 840 1551 875 τοῦ

178 915 215 940 τι
249 903 399 953 μαθεῖν
439 899 596 940 ἐκεῖθεν
635 898 824 952 ἐθελῆσαι
859 900 1007 952 λαβεῖν.
1049 899 1122 954 οὐχ
1163 900 1268 941 οὕτω
1309 912 1373 941 σοι
1407 900 1551 955 μικρὸν

181 963 282 1019 <τὸ>
306 964 396 1020 περὶ
420 964 494 1018 τὴν
518 969 694 1020 γλῶτταν
719 964 887 1018 ἐκείνην.
927 968 965 1006 2.
992 966 1118 1019 βραχὺ
1152 961 1189 1006 δ’
1213 965 1451 1021 ἐφρόντισας
1479 973 1550 1019 τῆς
1571 985 1605 1012 ιο

182 1031 447 1085 ἀποκρίσεως,
479 1029 531 1085 ἣν
566 1030 591 1084 ἡ
626 1035 764 1085 κλῆσις
795 1031 848 1085 ἥν
873 1047 915 1086 γε
941 1031 1112 1073 ἐκάλουν
1149 1028 1305 1090 ἀπῄτει·
1342 1038 1443 1086 χρῆν
1476 1032 1550 1087 γὰρ

182 1096 236 1147 ὡς
268 1098 376 1151 ἥξεις
406 1098 569 1140 εἰπόντα
595 1098 740 1139 δοῦναι
770 1098 886 1152 χάριν
916 1096 943 1151 ἢ
976 1097 1109 1150 μένειν
1140 1098 1359 1153 ἐγνωκότα,
1390 1095 1444 1139 δι’
1468 1098 1491 1139 ὅ
1515 1115 1551 1139 τι

179 1163 313 1217 μένειν
363 1163 553 1218 ἐπῆλθεν,
578 1163 714 1204 εἰπεῖν.
747 1163 798 1204 σὺ
824 1160 861 1204 δ’
885 1162 1095 1217 οὐδέτερον
1119 1165 1353 1218 πεποίηκας.
1394 1166 1431 1206 3.
1453 1164 1551 1205 ἀλλά

179 1245 248 1283 μοι
273 1230 402 1288 φαίνῃ
430 1229 755 1283 μετεωριζόμενος
781 1228 860 1271 ὑπὸ
886 1235 958 1271 τοῦ
983 1235 1053 1283 τῆς
1074 1227 1225 1283 Ῥώμης
1250 1229 1447 1285 μεγέθους
1471 1237 1550 1271 τῶν

181 1312 219 1337 τε
239 1295 371 1337 ἄλλων
390 1296 545 1337 πόλεων
563 1294 630 1337 καὶ
650 1302 730 1337 τῶν
748 1295 792 1337 ἐν
812 1295 951 1345 αὐταῖς
969 1297 1100 1348 φίλων
1117 1300 1401 1351 καταφρονεῖν,
1426 1295 1551 1346 ἄλλως
1572 1316 1604 1342 15

178 1357 224 1402 θ’
254 1361 316 1403 ὅτε
347 1361 413 1403 καὶ
444 1360 694 1417 λαμπροτέρα
725 1368 804 1403 νῦν
829 1362 881 1415 δὴ
906 1361 1112 1417 γεγένηται
1136 1367 1190 1419 τῷ
1216 1362 1406 1417 βασιλέως
1425 1363 1549 1417 ἔρωτι.

178 1435 322 1469 τοῦτον
345 1427 420 1482 γὰρ
449 1427 726 1480 εὐδαιμονίσαι
751 1444 809 1476 τις
837 1426 888 1469 ἂν
914 1434 984 1481 τῆς
1012 1427 1125 1482 θέας,
1150 1429 1282 1486 ἐκείνῃ
1308 1427 1409 1482 (δὲ)
1434 1436 1548 1470 τοῦτο

250 1541 271 1574 6
306 1539 373 1575 VH
396 1537 443 1586 β’,
467 1538 521 1574 θ’.
557 1539 610 1574 Va
637 1537 685 1582 ς’,
705 1537 774 1586 οβ’.
808 1539 861 1576 Vo
888 1538 935 1584 ς’,
961 1539 1008 1587 οβ

250 1644 271 1676 2
291 1639 411 1676 Seeck
426 1645 494 1677 112
546 1644 566 1675 6
581 1639 726 1676 Sievers
742 1644 785 1677 77
799 1642 877 1677 noh
889 1644 947 1678 41.
967 1640 1089 1677 Seeck
1097 1645 1177 1678 222.
1191 1645 1260 1677 336
1313 1645 1331 1676 7
1350 1641 1470 1677 Seeck
1480 1645 1546 1677 10⁷

250 1741 269 1772 1
296 1747 358 1772 ree
386 1741 407 1772 3
433 1737 498 1773 litt
523 1737 602 1784 (ἔτι,
627 1739 671 1773 ut
690 1737 854 1784 videtur)
873 1739 959 1774 ante
980 1737 1158 1785 εἰρῆσθαι
1185 1738 1219 1773 V
1250 1741 1271 1773 2
1291 1736 1333 1774 δὲ
1359 1737 1501 1775 inserui
1526 1748 1548 1774 e

184 1785 218 1818 V
239 1785 305 1821 ned
324 1784 426 1821 inser
443 1785 501 1821 m⁸
538 1797 598 1821 om
625 1787 680 1821 Va
691 1786 744 1822 Vo
778 1785 883 1821 Wolf
930 1789 951 1822 8
977 1784 1060 1832 ἥκει
1077 1785 1230 1832 reposui
1249 1796 1271 1821 e
1289 1785 1397 1822 libris
1443 1784 1547 1832 ἥκων

176 1831 285 1868 Wolf
298 1832 353 1869 Re
445 1837 467 1869 4
486 1831 583 1879 παρ’
607 1830 652 1869 οὗ
679 1831 793 1880 (παρὸ
821 1834 888 1879 Vo)
920 1833 1106 1878 πρότερον
1131 1833 1188 1879 εἴη
1217 1835 1306 1880 post
1333 1833 1547 1879 τιμιώτερος

184 1881 300 1917 VaVo
337 1880 429 1927 παρ’
457 1880 477 1918 ὃ
509 1879 694 1926 πρότερον
719 1883 784 1928 (sc.
811 1876 873 1928 ἦν)
906 1881 963 1928 εἴη
995 1882 1051 1918 Re
1089 1880 1180 1927 παρ’
1206 1879 1251 1918 οὗ
1277 1880 1462 1927 πρότερον
1488 1880 1547 1929 ᾔει

177 1928 382 1964 Dorvillius
408 1929 475 1965 sed
501 1940 521 1966 e
547 1929 691 1965 scholio
712 1927 804 1974 παρ’
829 1928 849 1966 ὃ
874 1930 1059 1975 πρότερον
1086 1926 1134 1976 ἦν
1152 1929 1212 1966 vel
1237 1927 1326 1975 παρ’
1346 1926 1390 1966 οὗ
1415 1927 1547 1974 πρότε-

175 1989 244 2020 ρον
269 1973 337 2021 ἧκε
358 1979 442 2013 orta
460 1977 636 2014 videntur
720 1981 741 2013 8
767 1977 922 2024 βασάνω
950 1979 985 2014 V
1000 1978 1066 2014 sed
1087 1989 1134 2014 σα
1153 1977 1255 2014 inser
1274 1977 1332 2013 m'
1367 1977 1547 2025 βασάνων

182 2025 238 2060 Va
259 2027 265 2071 Ι
286 2030 353 2061 τοῦ
371 2038 408 2061 τι
427 2025 562 2071 neripsi
575 2025 729 2061 cumRe
754 2026 859 2062 τουτὶ
875 2025 965 2061 libri
979 2025 1088 2062 Wolf
1151 2029 1171 2061 9
1193 2026 1371 2072 ἐθελῆσαι
1397 2026 1454 2062 Va
1479 2026 1547 2062 sed

175 2077 264 2118 ῆσαι
289 2072 352 2108 del
378 2075 385 2119 Ι
419 2072 537 2115 οὕτως
562 2074 618 2111 Va
717 2077 762 2110 10
786 2073 829 2110 τὸ
855 2074 996 2110 inserui
1023 2073 1097 2110 coll
1122 2084 1181 2120 ep.
1202 2076 1273 2110 5⁷4
1297 2085 1334 2120 p.
1356 2077 1437 2118 540,
1457 2077 1478 2110 6
1503 2073 1546 2110 τὸ

176 2118 242 2157 σὸν
267 2120 354 2166 περὶ
378 2120 445 2158 τὸν
469 2120 673 2168 πρόθυμον
716 2133 778 2158 om
803 2121 893 2157 libri
918 2121 1027 2166 quf
1050 2123 1233 2169 „coyitavi
1250 2122 1456 2168 aliquando
1477 2122 1547 2170 οὐχ

177 2167 274 2204 οὕτω
301 2169 346 2205 σὺ
373 2168 504 2215 μικρὸς
530 2172 623 2214 (non
647 2174 689 2206 tu
714 2169 806 2206 adeo
830 2181 996 2207 morosus
1033 2182 1069 2207 es
1099 2170 1347 2206 minutiarum
1377 2174 1547 2217 captator

174 2217 217 2252 in
247 2217 317 2253 ala
340 2217 512 2264 [Ζαιίπα]
541 2218 597 2254 lin
649 2220 702 2260 a).
739 2218 803 2254 sed
825 2219 946 2254 satius
964 2221 1133 2264 praestat
1155 2219 1271 2263 fateri
1297 2219 1414 2255 locum
1439 2219 1547 2254 illum

175 2277 201 2299 a
218 2275 274 2300 me
291 2275 369 2301 non
386 2265 567 2313 intelliyi“
624 2276 644 2301 e
664 2264 784 2312 Suppl
806 2268 812 2312 Ι
835 2265 984 2313 ἐκείνην
1018 2265 1080 2302 del
1110 2266 1164 2303 Va
1209 2268 1214 2312 Ι
1261 2263 1300 2303 δ’
1321 2265 1546 2312 ἐφρόντισας

177 2311 310 2359 scripsi
336 2324 421 2349 cum
446 2313 502 2349 Re
527 2312 569 2350 δὲ
595 2315 802 2360 φροντίσας
824 2313 916 2350 libri
939 2327 975 2349 τι
1001 2312 1208 2360 φροντίσας
1220 2313 1330 2350 Wolf
1376 2319 1417 2350 11
1445 2313 1495 2360 ἣν
1519 2314 1544 2360 ἡ

175 2362 303 2407 κλῆσις
327 2362 367 2396 et
387 2365 431 2397 12
452 2361 502 2403 ὡς
519 2359 621 2406 ἣξεις
639 2359 796 2397 εἰπόντα
816 2363 856 2398 et
879 2359 933 2398 δι’
957 2360 1015 2398 ὅτι
1033 2361 1160 2407 μένειν
1181 2362 1226 2398 ἐπ
1252 2363 1346 2398 λθεν
1371 2361 1433 2397 del
1451 2362 1507 2398 Va

179 2411 222 2444 12
249 2407 348 2444 διότι
374 2410 465 2446 VVo
489 2408 598 2445 Wolf
651 2413 695 2444 13
722 2407 923 2454 οὐδέτερον
947 2409 1083 2456 scripsi
1116 2421 1201 2446 cum
1262 2420 1282 2445 e
1329 2407 1444 2446 οὐδὲν
1469 2408 1544 2446 ἕτε-

176 2469 245 2499 ρον
271 2455 362 2492 libri
386 2455 494 2493 Wolf
541 2460 584 2493 17
609 2455 666 2499 τίς
691 2457 748 2494 Va
757 2458 809 2494 Vo
831 2459 836 2503 Ι
859 2456 901 2493 δὲ
927 2456 1069 2494 inserui
1107 2468 1170 2494 om
1188 2457 1278 2493 libri
1290 2456 1399 2493 Wolf
1420 2455 1543 2504 ἐκείνῃ

175 2503 218 2540 οὲ
243 2503 303 2541 vel
327 2504 394 2541 καὶ
418 2502 542 2553 ἐκείνῃ
568 2504 624 2541 Re
