1806 2964
281 220 370 264 3Ἰο
866 221 1050 258 LIBANII

279 328 383 373 εἶναι
413 332 586 385 νομίζων
618 332 854 385 μανθάνειν.
905 332 1025 375 οὐδὲν
1062 333 1197 374 δεινὸν
1236 332 1439 387 ἐγκεῖσθαι
1472 330 1642 384 βιβλίοις

279 397 486 452 παρούσης
509 396 713 451 γυναικός,
736 404 852 440 τοῦτο
877 397 949 453 μὲν
974 394 1049 440 οὖν
1067 399 1229 452 ἥδιστον
1246 392 1341 451 παρ’
1362 388 1389 454 ᾖ
1407 396 1570 450 βούλοιο
1587 393 1641 436 ἂν

278 463 518 515 εὐδοκιμεῖν,
541 462 609 503 καὶ
626 463 772 516 ταύτης
796 463 951 518 ὁρώσης
973 465 1095 506 καλόν
1118 479 1156 505 τι
1179 467 1320 505 ποιεῖν.
1351 464 1390 503 8.
1414 460 1481 503 καὶ
1499 460 1580 514 μὴν
1604 460 1643 502 εἰ

279 527 352 581 μὲν
377 527 427 570 οὗ
452 532 557 569 κινεῖ
578 540 621 569 σε
645 528 744 583 πρὸς
768 536 890 570 ταῦτα
915 528 937 570 ὁ
961 530 1090 584 πατὴρ
1116 529 1191 571 οὐκ
1209 527 1391 582 οἰόμενός
1410 539 1451 568 σε
1469 525 1639 579 ἀναστή-

242 607 259 634 ε
279 606 382 647 σειν,
415 594 601 647 κρείττων
625 594 787 647 φάνηθι
811 601 883 648 τῆς
912 594 1071 644 ἐλπίδος
1101 591 1272 636 ἐκείνου·
1304 598 1514 641 κινοῦντος
1539 589 1581 632 δὲ
1605 591 1642 633 εἰ

278 659 334 712 μὴ
359 658 579 713 προσέχοις,
599 658 756 714 ἀνάγκη
774 664 915 702 λυπεῖν
938 676 978 702 τε
1003 660 1069 701 καὶ
1094 664 1319 702 λυπεῖσθαι.
1347 665 1463 700 τοῦτο
1491 656 1536 699 δέ
1558 657 1639 699 ἔστι

278 727 471 777 ζητοῦντα
495 725 703 781 ῥᾳστώνην
727 725 771 767 ἐν
795 725 919 783 ἀηδία
950 728 1032 780 ζῆν.
1082 729 1119 767 9.
1146 722 1250 779 ἀλλ’,
1273 721 1305 766 ὦ
1330 725 1508 777 φίλτατε,
1532 726 1638 778 λογιμ-

277 791 460 844 σάμενος,
479 788 623 843 ἡλίκην
641 791 820 844 ποιήσεις
838 792 1066 847 πανήγυριν
1084 791 1152 832 καὶ
1170 797 1330 846 γονεῦσι
1347 789 1415 832 καὶ
1432 789 1640 843 κηδεσταῖς

276 856 343 898 καὶ
367 858 420 914 τῷ
443 857 573 897 πάντα
597 855 743 915 ἀρίστῳ
776 858 876 915 θείῳ
907 857 975 899 καὶ
1005 864 1053 914 τῇ
1084 863 1231 914 χρηστῇ
1262 855 1423 911 γυναικὶ
1453 853 1521 896 καὶ
1551 853 1640 908 ἐμοὶ

225 937 259 963 ιο
277 927 330 980 τῷ
352 921 476 963 πολλὰ
502 921 592 976 περὶ
617 921 659 963 σὲ
684 923 941 976 πεπονηκότι,
964 929 1042 964 νῦν
1067 922 1139 975 μὲν
1164 922 1366 975 ἔμπλησον
1390 920 1538 963 σαυτὸν
1560 935 1638 962 πα-

278 992 399 1030 λαιῶν
425 989 762 1043 συγγραμμάτων,
786 995 971 1043 γεωργῶν
997 988 1040 1031 δὲ
1065 987 1144 1042 ἤδη
1169 995 1248 1029 τῶν
1272 986 1362 1042 περὶ
1386 986 1458 1037 τὰς
1488 985 1638 1040 ληνοὺς

275 1053 541 1107 πεπαυμένων
566 1054 687 1104 αὐτὸς
711 1054 824 1107 ἥκειν
850 1054 968 1109 δεῦρο
993 1055 1090 1112 τύχῃ
1114 1053 1263 1110 ἀγαθῇ.

204 1218 252 1253 W
278 1221 347 1254 883
922 1208 995 1251 ω’.

761 1292 996 1349 Ἱεροκλεῖ.
1031 1303 1135 1346 (358)

222 1393 256 1421 ιε
340 1381 375 1418 1.
397 1375 500 1432 Ἐγὼ
526 1376 569 1419 δὲ
602 1375 711 1435 ᾤμην
745 1373 815 1418 ὑπ’
839 1376 959 1430 ἄλλης
992 1376 1176 1431 ἀσχολίας
1206 1375 1409 1431 γεγονέναι
1438 1375 1514 1430 τὴν
1544 1387 1637 1417 σιω-

273 1444 370 1497 πήν,
395 1443 462 1485 καὶ
488 1443 567 1485 ἔδει
591 1458 634 1498 γε
659 1439 778 1485 τοῦθ’
802 1443 928 1492 οὕτως
954 1442 1072 1497 ἔχειν·
1097 1448 1176 1493 νῦν
1201 1441 1244 1483 δὲ
1269 1447 1343 1483 σοῦ
1367 1457 1407 1484 τε
1432 1439 1636 1495 μνησθέν-

272 1525 339 1558 τος
363 1508 582 1564 ἀρρωστίας
606 1508 673 1550 καὶ
698 1515 770 1551 τοῦ
801 1508 964 1562 παιδός,
995 1506 1049 1558 ὥς
1079 1508 1240 1561 ποικίλη
1270 1506 1445 1563 γένοιτο,
1475 1508 1638 1562 διηγου-

273 1575 396 1628 μένου
421 1574 520 1630 πρὸς
544 1581 626 1616 πᾶν
651 1574 832 1628 ἀθυμίας
855 1568 998 1627 ἦλθον.
1029 1569 1117 1614 ἀλλ’
1140 1568 1185 1614 εὖ
1204 1580 1412 1622 ποιοῦντες
1436 1572 1495 1614 σύ·
1511 1588 1551 1614 τε
1568 1572 1636 1614 καὶ

272 1640 443 1694 ἐκεῖνος,
473 1641 523 1681 σὺ
549 1639 622 1694 μὲν
647 1640 836 1696 ἔγραφες,
867 1639 888 1681 ὅ
921 1638 963 1681 δὲ
988 1638 1116 1695 ἔλεγεν
1148 1638 1202 1689 ὡς
1232 1638 1386 1680 λέλυται
1415 1639 1459 1680 τὸ
1491 1634 1635 1680 δεινόν.

348 1772 391 1804 13
425 1769 475 1805 V!
496 1767 543 1814 γ’,
569 1767 614 1805 ο’.
650 1768 704 1805 Va
729 1766 776 1810 δ’,
802 1767 874 1804 οα’.
907 1768 960 1804 Vo
985 1766 1034 1812 δ’,
1059 1766 1129 1804 οα’.
1157 1766 1187 1803 S
1209 1765 1258 1814 β’,
1282 1765 1350 1810 ξς’.
1377 1766 1424 1803 Vi
1448 1764 1562 1813 [ρλα’]

345 1895 366 1923 9
391 1887 584 1924 Demetrio
610 1887 658 1924 cf.
685 1886 830 1923 Sievors
850 1890 932 1930 244,
946 1890 968 1921 4
1074 1889 1118 1922 14
1144 1886 1191 1922 cf.
1212 1896 1271 1932 ep.
1291 1888 1371 1922 379.
1399 1882 1544 1922 Βίονοτε
1565 1887 1634 1921 188

272 1936 349 1972 not.
371 1939 403 1971 3.
432 1935 551 1972 Seeck
578 1938 658 1972 176.
685 1938 768 1971 848.
794 1934 961 1971 Silomon
990 1937 1034 1969 16

346 2059 364 2090 1
392 2056 438 2091 οὐ
466 2054 565 2091 Vina
645 2057 666 2089 2
692 2050 761 2091 οὖν
786 2064 848 2090 om
875 2054 921 2090 Vs·
941 2055 947 2099 Ι
974 2051 1117 2101 βούλοι’
1147 2053 1248 2089 Vind
1337 2057 1358 2089 3
1383 2052 1507 2099 καὶ(1)
1531 2051 1638 2088 imer-

280 2102 329 2138 V·
355 2102 359 2150 Ι
381 2102 457 2148 μὴν
486 2101 632 2138 inserui
656 2113 677 2138 e
699 2102 735 2138 V
766 2113 829 2138 om
859 2101 999 2148 reliqui
1032 2101 1122 2138 libri
1153 2099 1263 2137 Wolf
1332 2104 1354 2136 4
1385 2099 1533 2147 σε(2)7
1565 2100 1632 2136 aed

279 2149 341 2186 del
373 2150 442 2195 m‘,
476 2150 578 2186 inser
596 2150 626 2186 S
666 2160 729 2186 om
755 2150 802 2187 Vs·
876 2153 898 2186 5
923 2147 1099 2195 κρείττων
1124 2160 1145 2185 ο
1176 2154 1345 2192 κρεῖττον
1369 2159 1453 2184 corr
1477 2147 1544 2185 Vi’
1562 2149 1570 2194 Ι
1591 2145 1630 2184 δ’

273 2199 312 2234 D
386 2202 407 2234 6
432 2197 627 2245 προσέχεις
654 2198 700 2234 Vi
779 2201 798 2232 7
831 2195 1027 2244 ᾆαστώνην
1062 2196 1153 2233 libri
1183 2196 1292 2233 Wolf
1324 2195 1371 2232 ed
1443 2198 1465 2231 9
1490 2195 1557 2232 καὶ
1580 2198 1632 2244 τῷ

270 2242 397 2282 πάντα
415 2245 553 2294 ἀρίστῳ
569 2244 667 2294 θείῳ
684 2245 786 2282 inser
798 2245 828 2283 S
867 2256 928 2281 om
947 2246 996 2282 Vi
1063 2248 1107 2281 10
1126 2243 1245 2281 πολλὰ
1263 2255 1325 2281 om
1344 2243 1374 2280 S
1385 2243 1433 2280 Vs·
1451 2245 1458 2290 Ι
1478 2245 1633 2280 πλεῖστα

271 2296 357 2339 post
375 2293 415 2330 σὲ
434 2294 463 2331 S
485 2294 552 2330 sed
571 2308 616 2341 γρ
636 2293 753 2330 πολλὰ
777 2304 962 2339 suprascr,
995 2293 1043 2329 Vi
1098 2296 1139 2329 11
1166 2292 1254 2334 τοὺς
1278 2291 1383 2328 Wolf
1407 2291 1456 2327 ed
1518 2295 1562 2326 12
1588 2287 1631 2336 ἧ-

271 2355 312 2377 κε
338 2341 447 2378 Wolf
470 2340 565 2378 Ceut
585 2342 592 2389 Ι
637 2343 750 2387 δεῦρο
774 2341 867 2388 τύχῃ
887 2342 1018 2387 ἀγαθῇ
1038 2351 1099 2376 om
1117 2339 1226 2377 Wolf
1241 2339 1335 2376 Ceut
1356 2341 1362 2386 Ι
1383 2339 1475 2386 τύχη
1499 2338 1632 2395 ἀγαθὴ

278 2389 378 2426 Vind
457 2394 500 2425 14
525 2395 576 2426 τῶ
602 2390 703 2426 αὐτῶ
722 2390 761 2437 (i.
780 2400 812 2426 e.
836 2390 1023 2437 Τατιανῷ)
1050 2389 1098 2425 Π
1178 2391 1222 2424 16
1247 2387 1309 2434 δὲ]
1331 2387 1400 2434 μὲν
1423 2387 1453 2424 S
1475 2388 1516 2423 et
1546 2397 1630 2422 eom

270 2437 325 2473 Ro
377 2440 420 2473 18
440 2433 561 2482 ἦλθον
579 2437 715 2484 scripsi
740 2448 761 2474 e
786 2437 819 2473 V
841 2436 907 2473 sed
927 2447 948 2473 e
967 2438 1130 2484 διῆλθον
1161 2446 1244 2472 corr
1260 2435 1329 2480 m‘,
1354 2434 1436 2472 SVi
1469 2435 1630 2482 διῆλθον

278 2485 394 2521 VaVo
418 2485 527 2522 Wolf
565 2484 612 2531 νὴ
638 2483 717 2531 Δί’,
742 2479 864 2531 ἥλκθον
889 2484 944 2521 Be
