<?xml version="1.0" encoding="UTF-8"?>
<!DOCTYPE html PUBLIC "-//W3C//DTD XHTML 1.0 Transitional//EN"
    "http://www.w3.org/TR/xhtml1/DTD/xhtml1-transitional.dtd">
<html xmlns="http://www.w3.org/1999/xhtml" xml:lang="en" lang="en">
 <head>
  <title>
</title>
<meta http-equiv="Content-Type" content="text/html;charset=utf-8" />
  <meta name='ocr-system' content='tesseract 3.04.00' />
  <meta name='ocr-capabilities' content='ocr_page ocr_carea ocr_par ocr_line ocrx_word'/>
</head>
<body>
  <div class='ocr_page' id='page_1' title='image "./operarecensuitri10libauoft_0215.png"; bbox 0 0 1806 2964; ppageno 0'>
   <div class='ocr_carea' id='block_1_1' title="bbox 622 216 1552 260">
    <p class='ocr_par' dir='ltr' id='par_1_1' title="bbox 622 216 1552 260">
     <span class='ocr_line' id='line_1_1' title="bbox 622 216 1552 260; baseline 0.009 -7"><span class='ocrx_word' id='word_1_1' title='bbox 622 217 890 254; x_wconf 78' lang='lat' dir='ltr'>EPISTULAE</span> <span class='ocrx_word' id='word_1_2' title='bbox 917 221 1109 254; x_wconf 57' lang='grc' dir='ltr'><strong><em>κιο-220</em></strong></span> <span class='ocrx_word' id='word_1_3' title='bbox 1461 216 1552 260; x_wconf 82' lang='grc'><strong>203</strong></span> 
     </span>
    </p>
   </div>
   <div class='ocr_carea' id='block_1_2' title="bbox 629 329 1626 472">
    <p class='ocr_par' dir='ltr' id='par_1_2' title="bbox 629 329 1626 472">
     <span class='ocr_line' id='line_1_2' title="bbox 754 329 1626 385; baseline 0.001 -13"><span class='ocrx_word' id='word_1_4' title='bbox 754 329 827 372; x_wconf 80' lang='grc' dir='ltr'><strong><em>σκ’.</em></strong></span> <span class='ocrx_word' id='word_1_5' title='bbox 1043 337 1094 374; x_wconf 87' lang='lat' dir='ltr'>W</span> <span class='ocrx_word' id='word_1_6' title='bbox 1119 341 1187 374; x_wconf 67' lang='lat'><strong><em>221</em></strong></span> <span class='ocrx_word' id='word_1_7' title='bbox 1210 338 1368 385; x_wconf 78' lang='lat' dir='ltr'><strong>(Aneod.</strong></span> <span class='ocrx_word' id='word_1_8' title='bbox 1387 339 1416 375; x_wconf 61' lang='grc' dir='ltr'><strong><em>τ.</em></strong></span> <span class='ocrx_word' id='word_1_9' title='bbox 1434 337 1467 373; x_wconf 85' lang='lat'><strong><em>11</em></strong></span> <span class='ocrx_word' id='word_1_10' title='bbox 1487 350 1523 385; x_wconf 89' lang='lat' dir='ltr'><strong><em>p.</em></strong></span> <span class='ocrx_word' id='word_1_11' title='bbox 1539 339 1626 384; x_wconf 76' lang='lat'><strong>885)</strong></span> 
     </span>
     <span class='ocr_line' id='line_1_3' title="bbox 629 415 1091 472; baseline 0.011 -17"><span class='ocrx_word' id='word_1_12' title='bbox 629 415 880 472; x_wconf 80' lang='grc' dir='ltr'><strong><em>Μοδέστῳ.</em></strong></span> <span class='ocrx_word' id='word_1_13' title='bbox 920 422 1091 471; x_wconf 66' lang='grc'><strong><em>(358169)</em></strong></span> 
     </span>
    </p>
   </div>
   <div class='ocr_carea' id='block_1_3' title="bbox 172 497 1609 1468">
    <p class='ocr_par' dir='ltr' id='par_1_3' title="bbox 172 497 1609 1468">
     <span class='ocr_line' id='line_1_4' title="bbox 239 497 1554 554; baseline 0.001 -14"><span class='ocrx_word' id='word_1_14' title='bbox 239 502 276 540; x_wconf 90' lang='grc'><strong><em>1.</em></strong></span> <span class='ocrx_word' id='word_1_15' title='bbox 312 500 367 541; x_wconf 71' lang='lat' dir='ltr'><strong><em>Oi</em></strong></span> <span class='ocrx_word' id='word_1_16' title='bbox 393 499 556 554; x_wconf 72' lang='grc' dir='ltr'><strong><em>ῥήτορες</em></strong></span> <span class='ocrx_word' id='word_1_17' title='bbox 587 497 752 540; x_wconf 79' lang='grc' dir='ltr'><strong><em>εὔνοιαν</em></strong></span> <span class='ocrx_word' id='word_1_18' title='bbox 783 500 946 553; x_wconf 80' lang='grc' dir='ltr'><strong><em>ζητοῦσι</em></strong></span> <span class='ocrx_word' id='word_1_19' title='bbox 975 498 1085 554; x_wconf 82' lang='grc' dir='ltr'><strong><em>παρὰ</em></strong></span> <span class='ocrx_word' id='word_1_20' title='bbox 1115 505 1194 540; x_wconf 82' lang='grc' dir='ltr'><strong><em>τῶν</em></strong></span> <span class='ocrx_word' id='word_1_21' title='bbox 1226 499 1469 548; x_wconf 82' lang='grc' dir='ltr'><strong><em>δικαζόντων</em></strong></span> <span class='ocrx_word' id='word_1_22' title='bbox 1504 499 1554 541; x_wconf 73' lang='grc' dir='ltr'><strong><em>οὐ</em></strong></span> 
     </span>
     <span class='ocr_line' id='line_1_5' title="bbox 174 563 1554 621; baseline -0.001 -14"><span class='ocrx_word' id='word_1_23' title='bbox 174 564 302 619; x_wconf 79' lang='grc' dir='ltr'><strong><em>μόνον</em></strong></span> <span class='ocrx_word' id='word_1_24' title='bbox 327 566 371 607; x_wconf 79' lang='grc' dir='ltr'><strong><em>οἱ</em></strong></span> <span class='ocrx_word' id='word_1_25' title='bbox 390 564 679 620; x_wconf 80' lang='grc' dir='ltr'><strong><em>κατεγνωκότες</em></strong></span> <span class='ocrx_word' id='word_1_26' title='bbox 707 564 841 606; x_wconf 74' lang='grc' dir='ltr'><strong><em>αὐτῶν</em></strong></span> <span class='ocrx_word' id='word_1_27' title='bbox 866 563 993 618; x_wconf 85' lang='grc' dir='ltr'><strong><em>μηδὲν</em></strong></span> <span class='ocrx_word' id='word_1_28' title='bbox 1019 565 1121 620; x_wconf 79' lang='grc' dir='ltr'><strong><em>ἔχειν</em></strong></span> <span class='ocrx_word' id='word_1_29' title='bbox 1147 564 1331 621; x_wconf 82' lang='grc' dir='ltr'><strong><em>ἰσχυρόν,</em></strong></span> <span class='ocrx_word' id='word_1_30' title='bbox 1362 565 1460 606; x_wconf 81' lang='grc' dir='ltr'><em>ἀλλὰ</em></span> <span class='ocrx_word' id='word_1_31' title='bbox 1485 565 1554 607; x_wconf 76' lang='grc' dir='ltr'><strong><em>καὶ</em></strong></span> 
     </span>
     <span class='ocr_line' id='line_1_6' title="bbox 174 627 1608 687; baseline 0.001 -14"><span class='ocrx_word' id='word_1_32' title='bbox 174 627 237 681; x_wconf 82' lang='grc' dir='ltr'><strong><em>οἷς</em></strong></span> <span class='ocrx_word' id='word_1_33' title='bbox 260 630 428 687; x_wconf 76' lang='grc' dir='ltr'><strong><em>ὑπάρχει</em></strong></span> <span class='ocrx_word' id='word_1_34' title='bbox 452 635 622 685; x_wconf 81' lang='grc' dir='ltr'><em>θαρρεῖν</em></span> <span class='ocrx_word' id='word_1_35' title='bbox 648 631 816 673; x_wconf 88' lang='grc' dir='ltr'><strong><em>δικαίων</em></strong></span> <span class='ocrx_word' id='word_1_36' title='bbox 840 632 983 673; x_wconf 78' lang='grc' dir='ltr'><strong><em>εἵνεκα.</em></strong></span> <span class='ocrx_word' id='word_1_37' title='bbox 1035 634 1074 673; x_wconf 85' lang='grc'><strong><em>2.</em></strong></span> <span class='ocrx_word' id='word_1_38' title='bbox 1102 631 1171 674; x_wconf 82' lang='grc' dir='ltr'><strong><em>καὶ</em></strong></span> <span class='ocrx_word' id='word_1_39' title='bbox 1196 631 1271 686; x_wconf 77' lang='grc' dir='ltr'><strong><em>ἐγὼ</em></strong></span> <span class='ocrx_word' id='word_1_40' title='bbox 1296 633 1436 673; x_wconf 83' lang='grc' dir='ltr'><strong><em>τοίνυν</em></strong></span> <span class='ocrx_word' id='word_1_41' title='bbox 1461 628 1555 673; x_wconf 83' lang='grc' dir='ltr'><strong><em>οἶδα</em></strong></span> <span class='ocrx_word' id='word_1_42' title='bbox 1592 646 1608 674; x_wconf 74' lang='lat'><strong>5</strong></span> 
     </span>
     <span class='ocr_line' id='line_1_7' title="bbox 174 695 1554 753; baseline 0 -14"><span class='ocrx_word' id='word_1_43' title='bbox 174 695 249 752; x_wconf 77' lang='grc' dir='ltr'><strong><em>μὲν</em></strong></span> <span class='ocrx_word' id='word_1_44' title='bbox 278 697 454 753; x_wconf 78' lang='grc' dir='ltr'><strong><em>ἀκριβῶς</em></strong></span> <span class='ocrx_word' id='word_1_45' title='bbox 490 696 546 747; x_wconf 79' lang='grc' dir='ltr'><strong><em>ὥς</em></strong></span> <span class='ocrx_word' id='word_1_46' title='bbox 577 696 668 739; x_wconf 77' lang='grc' dir='ltr'><strong><em>οὔτε</em></strong></span> <span class='ocrx_word' id='word_1_47' title='bbox 696 697 840 752; x_wconf 88' lang='grc' dir='ltr'><strong><em>μικρὸν</em></strong></span> <span class='ocrx_word' id='word_1_48' title='bbox 872 697 962 739; x_wconf 78' lang='grc' dir='ltr'><strong><em>οὔτε</em></strong></span> <span class='ocrx_word' id='word_1_49' title='bbox 994 699 1129 751; x_wconf 83' lang='grc' dir='ltr'><strong><em>μεῖζον</em></strong></span> <span class='ocrx_word' id='word_1_50' title='bbox 1154 698 1291 740; x_wconf 83' lang='grc' dir='ltr'><strong><em>ἀδικεῖ</em></strong></span> <span class='ocrx_word' id='word_1_51' title='bbox 1309 698 1554 748; x_wconf 83' lang='grc' dir='ltr'><strong><em>Καλλιόπιος</em></strong></span> 
     </span>
     <span class='ocr_line' id='line_1_8' title="bbox 174 763 1552 822; baseline 0 -16"><span class='ocrx_word' id='word_1_52' title='bbox 174 763 330 819; x_wconf 75' lang='grc' dir='ltr'><strong><em>οὑτοσί,</em></strong></span> <span class='ocrx_word' id='word_1_53' title='bbox 362 763 503 818; x_wconf 82' lang='grc' dir='ltr'><strong><em>δέομαι</em></strong></span> <span class='ocrx_word' id='word_1_54' title='bbox 533 763 578 806; x_wconf 82' lang='grc' dir='ltr'><strong><em>δέ</em></strong></span> <span class='ocrx_word' id='word_1_55' title='bbox 608 776 682 805; x_wconf 90' lang='grc' dir='ltr'><strong><em>σου</em></strong></span> <span class='ocrx_word' id='word_1_56' title='bbox 712 764 757 806; x_wconf 86' lang='grc' dir='ltr'><strong><em>τὸ</em></strong></span> <span class='ocrx_word' id='word_1_57' title='bbox 788 763 927 806; x_wconf 90' lang='grc' dir='ltr'><strong><em>κοινὸν</em></strong></span> <span class='ocrx_word' id='word_1_58' title='bbox 959 764 1010 818; x_wconf 83' lang='grc' dir='ltr'><strong><em>δὴ</em></strong></span> <span class='ocrx_word' id='word_1_59' title='bbox 1042 771 1180 820; x_wconf 80' lang='grc' dir='ltr'><strong><em>τοῦτο,</em></strong></span> <span class='ocrx_word' id='word_1_60' title='bbox 1213 765 1339 814; x_wconf 84' lang='grc' dir='ltr'><strong><em>δεῖξαι</em></strong></span> <span class='ocrx_word' id='word_1_61' title='bbox 1369 765 1478 822; x_wconf 82' lang='grc' dir='ltr'><strong><em>αὐτῷ</em></strong></span> <span class='ocrx_word' id='word_1_62' title='bbox 1508 764 1552 806; x_wconf 87' lang='grc' dir='ltr'><strong><em>τὸ</em></strong></span> 
     </span>
     <span class='ocr_line' id='line_1_9' title="bbox 175 829 1554 886; baseline 0 -14"><span class='ocrx_word' id='word_1_63' title='bbox 175 829 283 885; x_wconf 80' lang='grc' dir='ltr'><strong><em>ὄμμα</em></strong></span> <span class='ocrx_word' id='word_1_64' title='bbox 313 830 379 873; x_wconf 77' lang='grc' dir='ltr'><strong><em>ἐπὶ</em></strong></span> <span class='ocrx_word' id='word_1_65' title='bbox 409 837 480 885; x_wconf 80' lang='grc' dir='ltr'><strong><em>τῆς</em></strong></span> <span class='ocrx_word' id='word_1_66' title='bbox 505 831 622 884; x_wconf 82' lang='grc' dir='ltr'><strong><em>δίκης</em></strong></span> <span class='ocrx_word' id='word_1_67' title='bbox 653 831 814 885; x_wconf 77' lang='grc' dir='ltr'><strong><em>ἥμερον.</em></strong></span> <span class='ocrx_word' id='word_1_68' title='bbox 858 831 963 872; x_wconf 76' lang='grc' dir='ltr'><strong><em>οὕτω</em></strong></span> <span class='ocrx_word' id='word_1_69' title='bbox 987 830 1064 886; x_wconf 77' lang='grc' dir='ltr'><strong><em>γὰρ</em></strong></span> <span class='ocrx_word' id='word_1_70' title='bbox 1087 829 1142 872; x_wconf 72' lang='grc' dir='ltr'><strong><em>ἂν</em></strong></span> <span class='ocrx_word' id='word_1_71' title='bbox 1165 830 1234 872; x_wconf 81' lang='grc' dir='ltr'><strong><em>καὶ</em></strong></span> <span class='ocrx_word' id='word_1_72' title='bbox 1257 831 1446 886; x_wconf 77' lang='grc' dir='ltr'><strong><em>χρήσαιτο</em></strong></span> <span class='ocrx_word' id='word_1_73' title='bbox 1470 834 1554 880; x_wconf 87' lang='grc' dir='ltr'><strong><em>τοῖς</em></strong></span> 
     </span>
     <span class='ocr_line' id='line_1_10' title="bbox 174 891 1553 955; baseline 0 -16"><span class='ocrx_word' id='word_1_74' title='bbox 174 891 291 939; x_wconf 78' lang='grc' dir='ltr'><strong><em>οὖσιν</em></strong></span> <span class='ocrx_word' id='word_1_75' title='bbox 315 897 424 955; x_wconf 79' lang='grc' dir='ltr'><strong><em>αὐτῷ</em></strong></span> <span class='ocrx_word' id='word_1_76' title='bbox 449 897 639 950; x_wconf 87' lang='grc' dir='ltr'><strong><em>δικαίοις,</em></strong></span> <span class='ocrx_word' id='word_1_77' title='bbox 670 897 708 938; x_wconf 83' lang='grc' dir='ltr'><strong><em>εἰ</em></strong></span> <span class='ocrx_word' id='word_1_78' title='bbox 730 896 784 951; x_wconf 81' lang='grc' dir='ltr'><strong><em>μὴ</em></strong></span> <span class='ocrx_word' id='word_1_79' title='bbox 814 898 1044 952; x_wconf 82' lang='grc' dir='ltr'><strong><em>ταραχθείη.</em></strong></span> <span class='ocrx_word' id='word_1_80' title='bbox 1097 900 1134 939; x_wconf 90' lang='lat'><strong><em>3.</em></strong></span> <span class='ocrx_word' id='word_1_81' title='bbox 1161 898 1198 939; x_wconf 88' lang='grc' dir='ltr'><strong><em>εί</em></strong></span> <span class='ocrx_word' id='word_1_82' title='bbox 1222 893 1260 939; x_wconf 89' lang='grc' dir='ltr'><strong><em>δ’</em></strong></span> <span class='ocrx_word' id='word_1_83' title='bbox 1290 892 1366 939; x_wconf 83' lang='grc' dir='ltr'><strong><em>οὗν</em></strong></span> <span class='ocrx_word' id='word_1_84' title='bbox 1391 897 1467 940; x_wconf 79' lang='grc' dir='ltr'><strong><em>οὐκ</em></strong></span> <span class='ocrx_word' id='word_1_85' title='bbox 1492 895 1553 947; x_wconf 81' lang='grc' dir='ltr'><strong><em>ἔξ-</em></strong></span> 
     </span>
     <span class='ocr_line' id='line_1_11' title="bbox 172 959 1609 1019; baseline 0.001 -15"><span class='ocrx_word' id='word_1_86' title='bbox 172 975 279 1005; x_wconf 91' lang='grc' dir='ltr'><strong><em>εστιν</em></strong></span> <span class='ocrx_word' id='word_1_87' title='bbox 303 963 464 1013; x_wconf 77' lang='grc' dir='ltr'><strong><em>εὐνοίας</em></strong></span> <span class='ocrx_word' id='word_1_88' title='bbox 488 963 591 1018; x_wconf 80' lang='grc' dir='ltr'><strong><em>πρὸς</em></strong></span> <span class='ocrx_word' id='word_1_89' title='bbox 615 962 658 1005; x_wconf 81' lang='grc' dir='ltr'><strong><em>σὲ</em></strong></span> <span class='ocrx_word' id='word_1_90' title='bbox 683 967 934 1018; x_wconf 82' lang='grc' dir='ltr'><strong><em>μνησθῆναι,</em></strong></span> <span class='ocrx_word' id='word_1_91' title='bbox 958 959 1039 1004; x_wconf 82' lang='grc' dir='ltr'><strong><em>ἀλλ’</em></strong></span> <span class='ocrx_word' id='word_1_92' title='bbox 1055 962 1256 1013; x_wconf 77' lang='grc' dir='ltr'><strong><em>εὔξασθαί</em></strong></span> <span class='ocrx_word' id='word_1_93' title='bbox 1270 979 1314 1019; x_wconf 83' lang='grc' dir='ltr'><strong><em>γε</em></strong></span> <span class='ocrx_word' id='word_1_94' title='bbox 1332 968 1416 1013; x_wconf 84' lang='grc' dir='ltr'><strong><em>τοῖς</em></strong></span> <span class='ocrx_word' id='word_1_95' title='bbox 1440 968 1554 1014; x_wconf 81' lang='grc' dir='ltr'><strong><em>θεοῖς</em></strong></span> <span class='ocrx_word' id='word_1_96' title='bbox 1575 979 1609 1006; x_wconf 88' lang='grc' dir='ltr'><strong><em>ιο</em></strong></span> 
     </span>
     <span class='ocr_line' id='line_1_12' title="bbox 173 1027 1551 1085; baseline 0.001 -14"><span class='ocrx_word' id='word_1_97' title='bbox 173 1027 274 1084; x_wconf 73' lang='grc' dir='ltr'><strong><em>ὑπὲρ</em></strong></span> <span class='ocrx_word' id='word_1_98' title='bbox 311 1036 383 1072; x_wconf 82' lang='grc' dir='ltr'><strong><em>τοῦ</em></strong></span> <span class='ocrx_word' id='word_1_99' title='bbox 416 1041 459 1072; x_wconf 92' lang='grc' dir='ltr'><strong><em>σε</em></strong></span> <span class='ocrx_word' id='word_1_100' title='bbox 492 1036 659 1084; x_wconf 78' lang='grc' dir='ltr'><strong><em>ποιῆσαι</em></strong></span> <span class='ocrx_word' id='word_1_101' title='bbox 689 1036 872 1071; x_wconf 82' lang='grc' dir='ltr'><strong><em>τοιοῦτον</em></strong></span> <span class='ocrx_word' id='word_1_102' title='bbox 903 1030 1036 1080; x_wconf 76' lang='grc' dir='ltr'><strong><em>ἔξεστι.</em></strong></span> <span class='ocrx_word' id='word_1_103' title='bbox 1085 1030 1153 1072; x_wconf 86' lang='grc' dir='ltr'><strong><em>καὶ</em></strong></span> <span class='ocrx_word' id='word_1_104' title='bbox 1184 1030 1235 1084; x_wconf 87' lang='grc' dir='ltr'><strong><em>δὴ</em></strong></span> <span class='ocrx_word' id='word_1_105' title='bbox 1270 1030 1339 1072; x_wconf 82' lang='grc' dir='ltr'><strong><em>καὶ</em></strong></span> <span class='ocrx_word' id='word_1_106' title='bbox 1369 1029 1551 1085; x_wconf 75' lang='grc' dir='ltr'><strong><em>εὔχομαι·</em></strong></span> 
     </span>
     <span class='ocr_line' id='line_1_13' title="bbox 173 1095 1553 1152; baseline 0 -15"><span class='ocrx_word' id='word_1_107' title='bbox 173 1099 267 1138; x_wconf 81' lang='grc' dir='ltr'><strong><em>Ζεῦ</em></strong></span> <span class='ocrx_word' id='word_1_108' title='bbox 305 1097 535 1151; x_wconf 75' lang='grc' dir='ltr'><strong><em>Μειλίχιε</em></strong></span> <span class='ocrx_word' id='word_1_109' title='bbox 569 1095 649 1137; x_wconf 82' lang='grc' dir='ltr'><strong><em>καὶ</em></strong></span> <span class='ocrx_word' id='word_1_110' title='bbox 684 1095 903 1150; x_wconf 78' lang='grc' dir='ltr'><strong><em>πατέρων</em></strong></span> <span class='ocrx_word' id='word_1_111' title='bbox 941 1095 1226 1151; x_wconf 83' lang='grc' dir='ltr'><strong><em>ἀνθρώποις</em></strong></span> <span class='ocrx_word' id='word_1_112' title='bbox 1262 1095 1553 1152; x_wconf 78' lang='grc' dir='ltr'><strong><em>ἡμερώτερε,</em></strong></span> 
     </span>
     <span class='ocr_line' id='line_1_14' title="bbox 173 1162 1552 1221; baseline 0 -17"><span class='ocrx_word' id='word_1_113' title='bbox 173 1162 476 1216; x_wconf 79' lang='grc' dir='ltr'><strong><em>κατάστησον</em></strong></span> <span class='ocrx_word' id='word_1_114' title='bbox 514 1163 653 1204; x_wconf 76' lang='grc' dir='ltr'><strong><em>ἵλεων</em></strong></span> <span class='ocrx_word' id='word_1_115' title='bbox 689 1163 974 1221; x_wconf 78' lang='grc' dir='ltr'><strong><em>Καλλιοπίφ</em></strong></span> <span class='ocrx_word' id='word_1_116' title='bbox 1013 1162 1095 1204; x_wconf 89' lang='grc' dir='ltr'><strong><em>τὸν</em></strong></span> <span class='ocrx_word' id='word_1_117' title='bbox 1125 1166 1356 1218; x_wconf 74' lang='grc' dir='ltr'><strong><em>γενναῖον</em></strong></span> <span class='ocrx_word' id='word_1_118' title='bbox 1387 1162 1552 1204; x_wconf 85' lang='grc' dir='ltr'><strong><em>Μόδε-</em></strong></span> 
     </span>
     <span class='ocr_line' id='line_1_15' title="bbox 174 1227 1554 1287; baseline 0.001 -18"><span class='ocrx_word' id='word_1_119' title='bbox 174 1239 286 1270; x_wconf 85' lang='grc' dir='ltr'><strong><em>στον</em></strong></span> <span class='ocrx_word' id='word_1_120' title='bbox 315 1227 396 1269; x_wconf 82' lang='grc' dir='ltr'><strong><em>καὶ</em></strong></span> <span class='ocrx_word' id='word_1_121' title='bbox 429 1232 585 1287; x_wconf 75' lang='grc' dir='ltr'><strong><em>σαυτῷ</em></strong></span> <span class='ocrx_word' id='word_1_122' title='bbox 613 1228 924 1283; x_wconf 80' lang='grc' dir='ltr'><strong><em>προσόμοιον.</em></strong></span> <span class='ocrx_word' id='word_1_123' title='bbox 970 1231 1009 1270; x_wconf 89' lang='grc'><strong><em>4.</em></strong></span> <span class='ocrx_word' id='word_1_124' title='bbox 1034 1228 1102 1270; x_wconf 81' lang='grc' dir='ltr'><strong><em>καὶ</em></strong></span> <span class='ocrx_word' id='word_1_125' title='bbox 1133 1228 1355 1283; x_wconf 82' lang='grc' dir='ltr'><strong><em>μεμνήσθω</em></strong></span> <span class='ocrx_word' id='word_1_126' title='bbox 1380 1229 1554 1279; x_wconf 79' lang='grc' dir='ltr'><strong><em>δικάζων</em></strong></span> 
     </span>
     <span class='ocr_line' id='line_1_16' title="bbox 173 1293 1608 1354; baseline 0.002 -20"><span class='ocrx_word' id='word_1_127' title='bbox 173 1300 245 1336; x_wconf 85' lang='grc' dir='ltr'><strong><em>τοῦ</em></strong></span> <span class='ocrx_word' id='word_1_128' title='bbox 270 1294 487 1349; x_wconf 81' lang='grc' dir='ltr'><strong><em>Μειλιχίου</em></strong></span> <span class='ocrx_word' id='word_1_129' title='bbox 506 1295 625 1349; x_wconf 83' lang='grc' dir='ltr'><strong><em>Διός,</em></strong></span> <span class='ocrx_word' id='word_1_130' title='bbox 651 1295 760 1344; x_wconf 73' lang='grc' dir='ltr'><strong><em>ὅπως</em></strong></span> <span class='ocrx_word' id='word_1_131' title='bbox 785 1293 899 1348; x_wconf 80' lang='grc' dir='ltr'><strong><em>ἡμεῖς</em></strong></span> <span class='ocrx_word' id='word_1_132' title='bbox 923 1310 964 1337; x_wconf 92' lang='grc' dir='ltr'><strong><em>τε</em></strong></span> <span class='ocrx_word' id='word_1_133' title='bbox 988 1300 1043 1353; x_wconf 82' lang='grc' dir='ltr'><strong><em>τῷ</em></strong></span> <span class='ocrx_word' id='word_1_134' title='bbox 1066 1296 1171 1354; x_wconf 79' lang='grc' dir='ltr'><strong><em>φίλῳ</em></strong></span> <span class='ocrx_word' id='word_1_135' title='bbox 1191 1296 1466 1351; x_wconf 78' lang='grc' dir='ltr'><strong><em>συγχαίρωμεν</em></strong></span> <span class='ocrx_word' id='word_1_136' title='bbox 1484 1294 1553 1337; x_wconf 79' lang='grc' dir='ltr'><strong><em>καὶ</em></strong></span> <span class='ocrx_word' id='word_1_137' title='bbox 1574 1310 1608 1338; x_wconf 75' lang='lat'><strong><em>15</em></strong></span> 
     </span>
     <span class='ocr_line' id='line_1_17' title="bbox 173 1359 1553 1417; baseline 0.002 -16"><span class='ocrx_word' id='word_1_138' title='bbox 173 1359 359 1410; x_wconf 89' lang='grc' dir='ltr'><strong><em>Μόντιος</em></strong></span> <span class='ocrx_word' id='word_1_139' title='bbox 383 1359 463 1402; x_wconf 78' lang='grc' dir='ltr'><strong><em>ὑπὸ</em></strong></span> <span class='ocrx_word' id='word_1_140' title='bbox 487 1367 564 1415; x_wconf 80' lang='grc' dir='ltr'><strong><em>γῆς</em></strong></span> <span class='ocrx_word' id='word_1_141' title='bbox 588 1360 738 1414; x_wconf 77' lang='grc' dir='ltr'><strong><em>ἥδοιτο.</em></strong></span> <span class='ocrx_word' id='word_1_142' title='bbox 782 1361 930 1416; x_wconf 79' lang='grc' dir='ltr'><strong><em>λέγεται</em></strong></span> <span class='ocrx_word' id='word_1_143' title='bbox 954 1362 1030 1417; x_wconf 76' lang='grc' dir='ltr'><strong><em>γάρ</em></strong></span> <span class='ocrx_word' id='word_1_144' title='bbox 1054 1377 1092 1403; x_wconf 87' lang='grc' dir='ltr'><strong><em>τι</em></strong></span> <span class='ocrx_word' id='word_1_145' title='bbox 1116 1361 1207 1409; x_wconf 79' lang='grc' dir='ltr'><strong><em>περὶ</em></strong></span> <span class='ocrx_word' id='word_1_146' title='bbox 1231 1369 1311 1404; x_wconf 82' lang='grc' dir='ltr'><strong><em>τῶν</em></strong></span> <span class='ocrx_word' id='word_1_147' title='bbox 1333 1360 1553 1416; x_wconf 82' lang='grc' dir='ltr'><strong><em>οἰχομένων</em></strong></span> 
     </span>
     <span class='ocr_line' id='line_1_18' title="bbox 172 1425 465 1468; baseline 0.003 -1"><span class='ocrx_word' id='word_1_148' title='bbox 172 1425 242 1467; x_wconf 79' lang='grc' dir='ltr'><strong><em>καὶ</em></strong></span> <span class='ocrx_word' id='word_1_149' title='bbox 267 1433 465 1468; x_wconf 83' lang='grc' dir='ltr'><strong><em>τοιοῦτον.</em></strong></span> 
     </span>
    </p>
   </div>
   <div class='ocr_carea' id='block_1_4' title="bbox 178 1524 469 1534">
    <p class='ocr_par' dir='ltr' id='par_1_4' title="bbox 178 1524 469 1534">
     <span class='ocr_line' id='line_1_19' title="bbox 178 1524 469 1534; baseline 0 1430"><span class='ocrx_word' id='word_1_150' title='bbox 178 1524 469 1534; x_wconf 95' lang='lat' dir='ltr'><strong><em> </em></strong></span> 
     </span>
    </p>
   </div>
   <div class='ocr_carea' id='block_1_5' title="bbox 249 1578 1387 1629">
    <p class='ocr_par' dir='ltr' id='par_1_5' title="bbox 249 1578 1387 1629">
     <span class='ocr_line' id='line_1_20' title="bbox 249 1578 1387 1629; baseline 0.003 -14"><span class='ocrx_word' id='word_1_151' title='bbox 249 1583 267 1615; x_wconf 90' lang='grc'><strong><em>1</em></strong></span> <span class='ocrx_word' id='word_1_152' title='bbox 303 1580 371 1616; x_wconf 81' lang='lat' dir='ltr'><strong><em>VH</em></strong></span> <span class='ocrx_word' id='word_1_153' title='bbox 391 1578 441 1624; x_wconf 86' lang='grc' dir='ltr'><strong><em>α’,</em></strong></span> <span class='ocrx_word' id='word_1_154' title='bbox 467 1578 538 1616; x_wconf 86' lang='grc' dir='ltr'><strong><em>σοι’.</em></strong></span> <span class='ocrx_word' id='word_1_155' title='bbox 574 1580 630 1617; x_wconf 87' lang='lat' dir='ltr'><strong><em>Va</em></strong></span> <span class='ocrx_word' id='word_1_156' title='bbox 656 1579 701 1627; x_wconf 81' lang='grc' dir='ltr'><strong><em>γ’,</em></strong></span> <span class='ocrx_word' id='word_1_157' title='bbox 727 1579 791 1626; x_wconf 91' lang='grc' dir='ltr'><strong><em>ιη’.</em></strong></span> <span class='ocrx_word' id='word_1_158' title='bbox 826 1581 877 1617; x_wconf 88' lang='lat' dir='ltr'><strong><em>Vo</em></strong></span> <span class='ocrx_word' id='word_1_159' title='bbox 902 1580 949 1627; x_wconf 74' lang='grc' dir='ltr'><strong><em>γ’,</em></strong></span> <span class='ocrx_word' id='word_1_160' title='bbox 975 1580 1037 1627; x_wconf 83' lang='grc' dir='ltr'><strong><em>ιη’.</em></strong></span> <span class='ocrx_word' id='word_1_161' title='bbox 1072 1582 1120 1618; x_wconf 75' lang='lat' dir='ltr'><strong><em>Vi</em></strong></span> <span class='ocrx_word' id='word_1_162' title='bbox 1143 1579 1243 1629; x_wconf 74' lang='lat' dir='ltr'><strong>o&#39;Qoe&#39;.</strong></span> <span class='ocrx_word' id='word_1_163' title='bbox 1269 1582 1326 1618; x_wconf 78' lang='lat' dir='ltr'><strong><em>Be</em></strong></span> <span class='ocrx_word' id='word_1_164' title='bbox 1349 1580 1387 1628; x_wconf 64' lang='grc' dir='ltr'><strong><em>ἴί</em></strong></span> 
     </span>
    </p>
   </div>
   <div class='ocr_carea' id='block_1_6' title="bbox 178 1671 470 1679">
    <p class='ocr_par' dir='ltr' id='par_1_6' title="bbox 178 1671 470 1679">
     <span class='ocr_line' id='line_1_21' title="bbox 178 1671 470 1679; baseline 0 1285"><span class='ocrx_word' id='word_1_165' title='bbox 178 1671 470 1679; x_wconf 95' lang='lat' dir='ltr'><strong><em> </em></strong></span> 
     </span>
    </p>
   </div>
   <div class='ocr_carea' id='block_1_7' title="bbox 168 1723 1551 1965">
    <p class='ocr_par' dir='ltr' id='par_1_7' title="bbox 168 1723 1551 1965">
     <span class='ocr_line' id='line_1_22' title="bbox 246 1723 1551 1773; baseline 0.003 -14"><span class='ocrx_word' id='word_1_166' title='bbox 246 1726 268 1759; x_wconf 88' lang='grc'><strong>2</strong></span> <span class='ocrx_word' id='word_1_167' title='bbox 294 1723 440 1760; x_wconf 76' lang='lat' dir='ltr'><strong>Sievers</strong></span> <span class='ocrx_word' id='word_1_168' title='bbox 466 1727 511 1761; x_wconf 89' lang='lat'><strong><em>81</em></strong></span> <span class='ocrx_word' id='word_1_169' title='bbox 531 1726 610 1761; x_wconf 72' lang='lat' dir='ltr'><strong>not.</strong></span> <span class='ocrx_word' id='word_1_170' title='bbox 630 1727 689 1761; x_wconf 85' lang='grc'><strong><em>61.</em></strong></span> <span class='ocrx_word' id='word_1_171' title='bbox 716 1724 835 1761; x_wconf 82' lang='lat' dir='ltr'><strong>Seeck</strong></span> <span class='ocrx_word' id='word_1_172' title='bbox 855 1728 938 1762; x_wconf 87' lang='grc'><strong>213.</strong></span> <span class='ocrx_word' id='word_1_173' title='bbox 966 1728 1049 1763; x_wconf 80' lang='lat'><strong><em>3¹13.</em></strong></span> <span class='ocrx_word' id='word_1_174' title='bbox 1075 1724 1244 1762; x_wconf 88' lang='lat' dir='ltr'>Silomon</span> <span class='ocrx_word' id='word_1_175' title='bbox 1270 1727 1317 1761; x_wconf 90' lang='grc'><strong><em>40</em></strong></span> <span class='ocrx_word' id='word_1_176' title='bbox 1375 1728 1396 1762; x_wconf 80' lang='grc'>6</span> <span class='ocrx_word' id='word_1_177' title='bbox 1423 1725 1471 1762; x_wconf 85' lang='lat' dir='ltr'><strong><em>cf.</em></strong></span> <span class='ocrx_word' id='word_1_178' title='bbox 1492 1736 1551 1773; x_wconf 90' lang='lat' dir='ltr'><strong><em>ep.</em></strong></span> 
     </span>
     <span class='ocr_line' id='line_1_23' title="bbox 174 1772 1551 1817; baseline 0.002 -10"><span class='ocrx_word' id='word_1_179' title='bbox 174 1774 258 1808; x_wconf 86' lang='grc'><strong>214.</strong></span> <span class='ocrx_word' id='word_1_180' title='bbox 285 1776 367 1809; x_wconf 81' lang='grc'><strong>216.</strong></span> <span class='ocrx_word' id='word_1_181' title='bbox 393 1772 514 1809; x_wconf 80' lang='lat' dir='ltr'><strong>Seeck</strong></span> <span class='ocrx_word' id='word_1_182' title='bbox 540 1776 585 1809; x_wconf 81' lang='grc'><strong><em>99</em></strong></span> <span class='ocrx_word' id='word_1_183' title='bbox 643 1776 689 1809; x_wconf 79' lang='lat'><strong><em>15</em></strong></span> <span class='ocrx_word' id='word_1_184' title='bbox 715 1772 763 1810; x_wconf 88' lang='lat' dir='ltr'><strong><em>cf.</em></strong></span> <span class='ocrx_word' id='word_1_185' title='bbox 783 1774 810 1810; x_wconf 72' lang='lat' dir='ltr'><strong><em>t.</em></strong></span> <span class='ocrx_word' id='word_1_186' title='bbox 830 1773 882 1810; x_wconf 85' lang='lat' dir='ltr'><strong><em>IV</em></strong></span> <span class='ocrx_word' id='word_1_187' title='bbox 902 1777 1020 1817; x_wconf 77' lang='lat'>164‚8</span> <span class='ocrx_word' id='word_1_188' title='bbox 1078 1777 1123 1809; x_wconf 82' lang='grc'><strong><em>16</em></strong></span> <span class='ocrx_word' id='word_1_189' title='bbox 1149 1772 1296 1810; x_wconf 79' lang='lat' dir='ltr'><strong>Sievers</strong></span> <span class='ocrx_word' id='word_1_190' title='bbox 1322 1776 1404 1810; x_wconf 85' lang='lat'>214.</span> <span class='ocrx_word' id='word_1_191' title='bbox 1431 1773 1551 1810; x_wconf 84' lang='lat' dir='ltr'><strong>Seeck</strong></span> 
     </span>
     <span class='ocr_line' id='line_1_24' title="bbox 175 1820 1549 1868; baseline 0.001 -12"><span class='ocrx_word' id='word_1_192' title='bbox 175 1822 234 1856; x_wconf 95' lang='grc'><strong>90.</strong></span> <span class='ocrx_word' id='word_1_193' title='bbox 259 1823 342 1857; x_wconf 78' lang='grc'><strong>213.</strong></span> <span class='ocrx_word' id='word_1_194' title='bbox 368 1820 416 1857; x_wconf 81' lang='lat' dir='ltr'><strong><em>of.</em></strong></span> <span class='ocrx_word' id='word_1_195' title='bbox 435 1822 464 1857; x_wconf 79' lang='lat' dir='ltr'><strong><em>t.</em></strong></span> <span class='ocrx_word' id='word_1_196' title='bbox 487 1820 571 1857; x_wconf 87' lang='lat' dir='ltr'>VIII</span> <span class='ocrx_word' id='word_1_197' title='bbox 591 1824 708 1866; x_wconf 78' lang='lat'><strong>600,2</strong></span> <span class='ocrx_word' id='word_1_198' title='bbox 731 1823 737 1868; x_wconf 92' lang='grc' dir='ltr'>Ι</span> <span class='ocrx_word' id='word_1_199' title='bbox 783 1821 830 1857; x_wconf 85' lang='lat' dir='ltr'><strong><em>cf.</em></strong></span> <span class='ocrx_word' id='word_1_200' title='bbox 858 1832 879 1857; x_wconf 81' lang='grc' dir='ltr'><strong><em>ο</em></strong></span> <span class='ocrx_word' id='word_1_201' title='bbox 910 1850 917 1857; x_wconf 91' lang='grc'><strong>.</strong></span> <span class='ocrx_word' id='word_1_202' title='bbox 940 1825 1021 1858; x_wconf 79' lang='lat'>195.</span> <span class='ocrx_word' id='word_1_203' title='bbox 1054 1825 1137 1866; x_wconf 77' lang='lat'>21⁷,</span> <span class='ocrx_word' id='word_1_204' title='bbox 1151 1824 1184 1858; x_wconf 85' lang='lat'><strong><em>5.</em></strong></span> <span class='ocrx_word' id='word_1_205' title='bbox 1218 1825 1300 1858; x_wconf 85' lang='grc'><strong>969.</strong></span> <span class='ocrx_word' id='word_1_206' title='bbox 1333 1825 1415 1858; x_wconf 79' lang='grc'><strong>963.</strong></span> <span class='ocrx_word' id='word_1_207' title='bbox 1445 1825 1549 1858; x_wconf 82' lang='lat'><strong>1265.</strong></span> 
     </span>
     <span class='ocr_line' id='line_1_25' title="bbox 175 1867 1549 1918; baseline 0.002 -15"><span class='ocrx_word' id='word_1_208' title='bbox 175 1867 285 1904; x_wconf 89' lang='lat' dir='ltr'><strong>Pind.</strong></span> <span class='ocrx_word' id='word_1_209' title='bbox 305 1868 425 1905; x_wconf 80' lang='lat' dir='ltr'><strong>thren.</strong></span> <span class='ocrx_word' id='word_1_210' title='bbox 447 1869 493 1905; x_wconf 81' lang='lat' dir='ltr'><strong><em>fr.</em></strong></span> <span class='ocrx_word' id='word_1_211' title='bbox 512 1873 594 1906; x_wconf 85' lang='grc'><strong>129.</strong></span> <span class='ocrx_word' id='word_1_212' title='bbox 613 1873 682 1906; x_wconf 84' lang='grc'><strong><em>130</em></strong></span> <span class='ocrx_word' id='word_1_213' title='bbox 693 1869 735 1907; x_wconf 90' lang='grc' dir='ltr'><strong><em>Β,</em></strong></span> <span class='ocrx_word' id='word_1_214' title='bbox 755 1869 853 1906; x_wconf 76' lang='lat' dir='ltr'><strong>Plat.</strong></span> <span class='ocrx_word' id='word_1_215' title='bbox 906 1870 1017 1906; x_wconf 70' lang='lat' dir='ltr'><strong>haud.</strong></span> <span class='ocrx_word' id='word_1_216' title='bbox 1043 1881 1080 1916; x_wconf 88' lang='lat' dir='ltr'><strong><em>p.</em></strong></span> <span class='ocrx_word' id='word_1_217' title='bbox 1096 1873 1142 1906; x_wconf 88' lang='grc'><strong>82</strong></span> <span class='ocrx_word' id='word_1_218' title='bbox 1157 1870 1200 1907; x_wconf 88' lang='grc' dir='ltr'><strong>Α.</strong></span> <span class='ocrx_word' id='word_1_219' title='bbox 1234 1869 1366 1918; x_wconf 51' lang='grc' dir='ltr'><strong><em>[Βοὴ]</em></strong></span> <span class='ocrx_word' id='word_1_220' title='bbox 1391 1869 1549 1907; x_wconf 82' lang='lat' dir='ltr'><strong>Axioch.</strong></span> 
     </span>
     <span class='ocr_line' id='line_1_26' title="bbox 168 1915 662 1965; baseline 0.002 -13"><span class='ocrx_word' id='word_1_221' title='bbox 168 1919 291 1962; x_wconf 81' lang='lat' dir='ltr'><strong>p.8·11</strong></span> <span class='ocrx_word' id='word_1_222' title='bbox 305 1915 347 1952; x_wconf 75' lang='lat' dir='ltr'><strong><em>E.</em></strong></span> <span class='ocrx_word' id='word_1_223' title='bbox 376 1916 598 1965; x_wconf 64' lang='lat' dir='ltr'><strong>Richtafieig</strong></span> <span class='ocrx_word' id='word_1_224' title='bbox 617 1920 662 1953; x_wconf 80' lang='grc'><strong>27</strong></span> 
     </span>
    </p>
   </div>
   <div class='ocr_carea' id='block_1_8' title="bbox 177 2007 469 2017">
    <p class='ocr_par' dir='ltr' id='par_1_8' title="bbox 177 2007 469 2017">
     <span class='ocr_line' id='line_1_27' title="bbox 177 2007 469 2017; baseline 0 0"><span class='ocrx_word' id='word_1_225' title='bbox 177 2007 469 2017; x_wconf 95' lang='lat' dir='ltr'><strong><em> </em></strong></span> 
     </span>
    </p>
   </div>
   <div class='ocr_carea' id='block_1_9' title="bbox 175 2060 1551 2292">
    <p class='ocr_par' dir='ltr' id='par_1_9' title="bbox 175 2060 1551 2206">
     <span class='ocr_line' id='line_1_28' title="bbox 248 2060 1549 2108; baseline 0.002 -12"><span class='ocrx_word' id='word_1_226' title='bbox 248 2063 271 2096; x_wconf 82' lang='grc'><strong>3</strong></span> <span class='ocrx_word' id='word_1_227' title='bbox 295 2060 443 2097; x_wconf 79' lang='grc' dir='ltr'><strong><em>αἰτοῦσι</em></strong></span> <span class='ocrx_word' id='word_1_228' title='bbox 468 2061 517 2098; x_wconf 68' lang='lat' dir='ltr'><strong><em>Vs·</em></strong></span> <span class='ocrx_word' id='word_1_229' title='bbox 659 2060 711 2099; x_wconf 79' lang='grc' dir='ltr'><strong><em>οἱ</em></strong></span> <span class='ocrx_word' id='word_1_230' title='bbox 753 2061 800 2098; x_wconf 76' lang='grc' dir='ltr'><strong><em>οὐ</em></strong></span> <span class='ocrx_word' id='word_1_231' title='bbox 819 2060 929 2099; x_wconf 83' lang='lat' dir='ltr'>Wolf</span> <span class='ocrx_word' id='word_1_232' title='bbox 951 2061 1019 2098; x_wconf 80' lang='lat' dir='ltr'><strong><em>sed</em></strong></span> <span class='ocrx_word' id='word_1_233' title='bbox 1044 2072 1128 2098; x_wconf 82' lang='lat' dir='ltr'><strong>corr</strong></span> <span class='ocrx_word' id='word_1_234' title='bbox 1152 2061 1240 2098; x_wconf 83' lang='lat' dir='ltr'>Add.</span> <span class='ocrx_word' id='word_1_235' title='bbox 1265 2065 1334 2099; x_wconf 88' lang='grc'><strong><em>861</em></strong></span> <span class='ocrx_word' id='word_1_236' title='bbox 1376 2064 1382 2108; x_wconf 93' lang='grc' dir='ltr'>Ι</span> <span class='ocrx_word' id='word_1_237' title='bbox 1422 2063 1549 2099; x_wconf 78' lang='grc' dir='ltr'><strong><em>αὐτῶν</em></strong></span> 
     </span>
     <span class='ocr_line' id='line_1_29' title="bbox 176 2065 1551 2158; baseline 0.003 -14"><span class='ocrx_word' id='word_1_238' title='bbox 176 2107 234 2144; x_wconf 76' lang='lat' dir='ltr'><strong><em>Be</em></strong></span> <span class='ocrx_word' id='word_1_239' title='bbox 258 2108 327 2144; x_wconf 73' lang='lat' dir='ltr'><strong><em>sed</em></strong></span> <span class='ocrx_word' id='word_1_240' title='bbox 350 2114 380 2145; x_wconf 79' lang='grc' dir='ltr'><em>ὥ</em></span> <span class='ocrx_word' id='word_1_241' title='bbox 406 2119 453 2145; x_wconf 87' lang='lat' dir='ltr'><strong><em>ex</em></strong></span> <span class='ocrx_word' id='word_1_242' title='bbox 478 2107 499 2146; x_wconf 84' lang='grc' dir='ltr'>ὸ</span> <span class='ocrx_word' id='word_1_243' title='bbox 525 2065 654 2156; x_wconf 56' lang='lat' dir='ltr'><strong><em>con-41</em></strong></span> <span class='ocrx_word' id='word_1_244' title='bbox 711 2123 792 2158; x_wconf 70' lang='grc' dir='ltr'><strong><em>χειν</em></strong></span> <span class='ocrx_word' id='word_1_245' title='bbox 817 2121 880 2147; x_wconf 88' lang='lat' dir='ltr'><strong><em>om</em></strong></span> <span class='ocrx_word' id='word_1_246' title='bbox 905 2109 1015 2147; x_wconf 76' lang='lat' dir='ltr'><strong>Wolf</strong></span> <span class='ocrx_word' id='word_1_247' title='bbox 1034 2110 1095 2146; x_wconf 83' lang='lat' dir='ltr'><strong><em>An</em></strong></span> <span class='ocrx_word' id='word_1_248' title='bbox 1173 2114 1194 2146; x_wconf 81' lang='lat'><strong>5</strong></span> <span class='ocrx_word' id='word_1_249' title='bbox 1220 2108 1363 2147; x_wconf 75' lang='grc' dir='ltr'><strong><em>οννεκα</em></strong></span> <span class='ocrx_word' id='word_1_250' title='bbox 1389 2111 1551 2149; x_wconf 73' lang='lat' dir='ltr'><strong><em>VVaBe</em></strong></span> 
     </span>
     <span class='ocr_line' id='line_1_30' title="bbox 175 2155 1549 2207; baseline 0.002 -15"><span class='ocrx_word' id='word_1_251' title='bbox 175 2155 286 2192; x_wconf 83' lang='lat' dir='ltr'>Wolf</span> <span class='ocrx_word' id='word_1_252' title='bbox 318 2155 460 2193; x_wconf 81' lang='grc' dir='ltr'><strong><em>οὕνεκα</em></strong></span> <span class='ocrx_word' id='word_1_253' title='bbox 486 2157 540 2195; x_wconf 84' lang='lat' dir='ltr'><strong><em>Vo</em></strong></span> <span class='ocrx_word' id='word_1_254' title='bbox 565 2157 612 2195; x_wconf 84' lang='lat' dir='ltr'><strong><em>cf.</em></strong></span> <span class='ocrx_word' id='word_1_255' title='bbox 632 2169 680 2205; x_wconf 86' lang='lat' dir='ltr'><strong><em>ep</em></strong></span> <span class='ocrx_word' id='word_1_256' title='bbox 682 2161 782 2194; x_wconf 82' lang='lat'>4.44</span> <span class='ocrx_word' id='word_1_257' title='bbox 882 2161 903 2194; x_wconf 81' lang='grc'><strong>9</strong></span> <span class='ocrx_word' id='word_1_258' title='bbox 929 2158 979 2206; x_wconf 79' lang='grc' dir='ltr'><strong><em>εί]</em></strong></span> <span class='ocrx_word' id='word_1_259' title='bbox 1006 2158 1050 2195; x_wconf 73' lang='grc' dir='ltr'><strong><em>οὗ</em></strong></span> <span class='ocrx_word' id='word_1_260' title='bbox 1072 2158 1129 2195; x_wconf 82' lang='lat' dir='ltr'><strong><em>Va</em></strong></span> <span class='ocrx_word' id='word_1_261' title='bbox 1159 2155 1188 2194; x_wconf 80' lang='grc' dir='ltr'><strong>ὦ</strong></span> <span class='ocrx_word' id='word_1_262' title='bbox 1214 2159 1272 2195; x_wconf 85' lang='lat' dir='ltr'><strong><em>Be</em></strong></span> <span class='ocrx_word' id='word_1_263' title='bbox 1302 2155 1333 2207; x_wconf 78' lang='grc' dir='ltr'><em>ᾧ</em></span> <span class='ocrx_word' id='word_1_264' title='bbox 1361 2158 1469 2196; x_wconf 80' lang='lat' dir='ltr'><strong>Wolf</strong></span> <span class='ocrx_word' id='word_1_265' title='bbox 1488 2159 1549 2195; x_wconf 85' lang='lat' dir='ltr'><strong><em>An</em></strong></span> 
     </span>
    </p>

    <p class='ocr_par' dir='ltr' id='par_1_10' title="bbox 226 2170 1546 2292">
     <span class='ocr_line' id='line_1_31' title="bbox 226 2170 1546 2290; baseline 0.002 -49"><span class='ocrx_word' id='word_1_266' title='bbox 226 2207 269 2240; x_wconf 93' lang='grc'><strong><em>11</em></strong></span> <span class='ocrx_word' id='word_1_267' title='bbox 296 2203 436 2248; x_wconf 73' lang='grc' dir='ltr'><strong><em>ἔξεστιν</em></strong></span> <span class='ocrx_word' id='word_1_268' title='bbox 463 2205 519 2242; x_wconf 79' lang='lat' dir='ltr'><strong><em>Va</em></strong></span> <span class='ocrx_word' id='word_1_269' title='bbox 583 2170 708 2290; x_wconf 63' lang='grc' dir='ltr'><strong><em>καὶξ2)</em></strong></span> <span class='ocrx_word' id='word_1_270' title='bbox 732 2217 794 2242; x_wconf 91' lang='lat' dir='ltr'><strong><em>om</em></strong></span> <span class='ocrx_word' id='word_1_271' title='bbox 818 2205 928 2242; x_wconf 82' lang='lat' dir='ltr'>Wolf</span> <span class='ocrx_word' id='word_1_272' title='bbox 948 2208 1009 2242; x_wconf 83' lang='lat' dir='ltr'><strong><em>An</em></strong></span> <span class='ocrx_word' id='word_1_273' title='bbox 1084 2210 1129 2242; x_wconf 87' lang='grc'><strong>12</strong></span> <span class='ocrx_word' id='word_1_274' title='bbox 1154 2206 1233 2254; x_wconf 75' lang='grc' dir='ltr'><strong><em>καὶ]</em></strong></span> <span class='ocrx_word' id='word_1_275' title='bbox 1259 2212 1333 2243; x_wconf 78' lang='grc' dir='ltr'><strong><em>παῖ</em></strong></span> <span class='ocrx_word' id='word_1_276' title='bbox 1358 2206 1466 2244; x_wconf 86' lang='lat' dir='ltr'><strong>Wolf</strong></span> <span class='ocrx_word' id='word_1_277' title='bbox 1485 2207 1546 2244; x_wconf 82' lang='lat' dir='ltr'><strong><em>An</em></strong></span> 
     </span>
     <span class='ocr_line' id='line_1_32' title="bbox 226 2251 1358 2292; baseline 0.003 -4"><span class='ocrx_word' id='word_1_278' title='bbox 226 2255 271 2288; x_wconf 80' lang='lat'><strong><em>18</em></strong></span> <span class='ocrx_word' id='word_1_279' title='bbox 296 2251 501 2290; x_wconf 63' lang='lat' dir='ltr'><strong><em>naumain</em></strong></span> <span class='ocrx_word' id='word_1_280' title='bbox 565 2265 584 2291; x_wconf 75' lang='lat' dir='ltr'><strong>c</strong></span> <span class='ocrx_word' id='word_1_281' title='bbox 608 2264 648 2290; x_wconf 76' lang='lat' dir='ltr'><strong><em>ee</em></strong></span> <span class='ocrx_word' id='word_1_282' title='bbox 702 2251 746 2290; x_wconf 87' lang='grc' dir='ltr'><strong><em>ίω</em></strong></span> <span class='ocrx_word' id='word_1_283' title='bbox 771 2253 813 2290; x_wconf 83' lang='lat' dir='ltr'><strong><em>in</em></strong></span> <span class='ocrx_word' id='word_1_284' title='bbox 836 2264 901 2290; x_wconf 75' lang='lat' dir='ltr'><strong>m</strong></span> <span class='ocrx_word' id='word_1_285' title='bbox 924 2253 983 2290; x_wconf 69' lang='grc' dir='ltr'><strong><em>αι’</em></strong></span> <span class='ocrx_word' id='word_1_286' title='bbox 1056 2257 1100 2290; x_wconf 81' lang='grc'><strong><em>17</em></strong></span> <span class='ocrx_word' id='word_1_287' title='bbox 1125 2260 1276 2291; x_wconf 79' lang='grc' dir='ltr'><strong><em>τοιοῦτο</em></strong></span> <span class='ocrx_word' id='word_1_288' title='bbox 1305 2255 1358 2292; x_wconf 82' lang='lat' dir='ltr'><strong><em>Va</em></strong></span> 
     </span>
    </p>
   </div>
   <div class='ocr_carea' id='block_1_10' title="bbox 175 2343 467 2352">
    <p class='ocr_par' dir='ltr' id='par_1_11' title="bbox 175 2343 467 2352">
     <span class='ocr_line' id='line_1_33' title="bbox 175 2343 467 2352; baseline 0 612"><span class='ocrx_word' id='word_1_289' title='bbox 175 2343 467 2352; x_wconf 95' lang='lat' dir='ltr'><strong><em> </em></strong></span> 
     </span>
    </p>
   </div>
   <div class='ocr_carea' id='block_1_11' title="bbox 251 2395 1468 2446">
    <p class='ocr_par' dir='ltr' id='par_1_12' title="bbox 251 2395 1468 2446">
     <span class='ocr_line' id='line_1_34' title="bbox 251 2395 1468 2446; baseline 0.004 -14"><span class='ocrx_word' id='word_1_290' title='bbox 251 2399 298 2432; x_wconf 77' lang='lat'><strong><em>16</em></strong></span> <span class='ocrx_word' id='word_1_291' title='bbox 322 2395 511 2446; x_wconf 77' lang='grc' dir='ltr'><strong><em>Μάντιος]</em></strong></span> <span class='ocrx_word' id='word_1_292' title='bbox 537 2397 557 2434; x_wconf 81' lang='grc' dir='ltr'><strong><em>ὁ</em></strong></span> <span class='ocrx_word' id='word_1_293' title='bbox 583 2397 706 2445; x_wconf 78' lang='grc' dir='ltr'><strong><em>πατὴρ</em></strong></span> <span class='ocrx_word' id='word_1_294' title='bbox 731 2403 799 2436; x_wconf 83' lang='grc' dir='ltr'><strong><em>τοῦ</em></strong></span> <span class='ocrx_word' id='word_1_295' title='bbox 824 2396 1060 2436; x_wconf 65' lang='grc' dir='ltr'><strong><em>Καλὶιοπίου</em></strong></span> <span class='ocrx_word' id='word_1_296' title='bbox 1085 2409 1260 2446; x_wconf 68' lang='lat' dir='ltr'><strong>suprascr</strong></span> <span class='ocrx_word' id='word_1_297' title='bbox 1284 2398 1392 2436; x_wconf 72' lang='lat' dir='ltr'><strong>schol</strong></span> <span class='ocrx_word' id='word_1_298' title='bbox 1410 2399 1468 2437; x_wconf 78' lang='lat' dir='ltr'><strong><em>Be</em></strong></span> 
     </span>
    </p>
   </div>
  </div>
 </body>
</html>
