1806 2964
278 217 368 260 484
870 213 1052 250 LIBANII

279 328 377 383 πρὸς
403 328 514 380 αὑτό,
534 328 599 369 καὶ
625 329 668 370 τὸ
694 328 766 370 σὸν
792 327 919 381 ὄνομα
944 328 1138 380 ἐφαίνετο.
1173 331 1210 368 2.
1230 326 1388 381 ἠρόμην
1407 321 1481 368 οὖν
1499 325 1638 368 αὐτόν·

280 401 372 435 ποῦ
398 393 447 435 δὲ
472 393 524 435 τὰ
549 395 667 447 πρὸς
698 393 776 446 ἐμὲ
807 394 1073 448 γράμματα;
1104 393 1277 446 νομίζων
1308 391 1383 433 οὐκ
1412 390 1464 431 ἄν
1494 404 1535 432 σε
1560 390 1639 432 ἓτέ-

281 475 365 514 ροις
403 461 608 514 γράφοντα
640 460 803 512 μνήμην
838 456 954 512 ἡμῶν
994 458 1048 510 μὴ
1087 459 1240 512 λαβεῖν.
1278 455 1299 498 ὁ
1332 456 1373 499 δὲ
1410 460 1524 498 ποῖα
1560 455 1640 509 ἔφη

281 525 554 581 γράμματα;
581 524 656 566 σοὶ
681 524 768 579 γὰρ
793 524 978 578 ἔρχεται
1003 520 1064 563 δι’
1086 521 1218 576 ’ἡμῶν
1243 522 1397 564 ούδέν;
1438 524 1476 562 3.
1501 521 1640 563 ἕνεθυ·

245 604 262 632 5
282 591 443 644 μούμην
469 585 544 631 οὖν
569 590 628 632 ὅτι
652 591 812 642 πλάσμα
835 586 888 642 ἦν
906 589 1014 630 ἅπαν
1033 588 1160 630 ἐκεῖνο
1184 587 1251 629 καὶ
1271 587 1292 630 ὁ
1312 588 1380 636 σὸς
1405 587 1503 641 ἔρως
1526 587 1641 641 λόγος

282 652 358 710 ἦν,
399 657 474 698 οὐκ
515 656 623 705 ἔρως.
665 656 702 697 εἰ
732 655 808 710 γὰρ
843 654 893 707 δὴ
932 651 1017 712 φῂς
1059 654 1119 695 ὅτι
1154 653 1278 695 αὐτὸν
1315 653 1389 694 οὐκ
1426 652 1643 700 ἐπιστείλας

283 722 437 763 ἔπαυσα
462 721 552 775 ἐγώ,
577 721 702 776 τούτῳ
729 721 922 770 δεικνύεις
947 720 1054 776 αὐτῷ
1078 720 1122 762 τὸ
1148 718 1202 772 μὴ
1227 718 1355 760 πολὺν
1380 717 1423 758 ἐν
1448 716 1511 758 σοὶ
1534 715 1642 771 γενέ-

284 791 382 828 σθαι
408 787 475 828 τὸν
501 787 611 827 θεόν.
653 787 689 827 εἰ
719 785 794 840 γὰρ
820 781 890 839 ἧν,
921 784 943 826 ὃ
973 785 1160 834 πολλάκις
1184 784 1327 838 ἔλεγες,
1358 783 1483 831 πολύς
1512 797 1552 823 τε
1575 780 1644 822 καὶ

284 852 456 906 ἰσχυρός,
481 853 555 894 οὐκ
586 850 638 893 ἅν
662 866 755 892 ποτε
786 850 958 904 ἐκινήθη
983 851 1119 906 φαύλῃ
1151 849 1359 904 προφάσει.
1403 851 1442 889 4.
1467 854 1544 888 νῦν
1569 842 1644 888 οὖν

232 931 267 958 ιο
285 916 369 959 ἅνω
388 923 594 970 ποταμῶν·
621 917 671 958 σὺ
692 915 764 969 μὲν
788 915 1005 972 ὑπερορᾷς,
1037 914 1111 969 ἐγὼ
1137 913 1179 956 δὲ
1204 913 1290 968 ἐρῶ.
1316 913 1382 955 καὶ
1408 913 1644 966 μεταπεσόν-

284 999 350 1033 τος
375 981 570 1036 ὀστράκου
590 983 764 1036 φεύγεις,
789 981 865 1036 ἐγὼ
885 979 927 1022 δὲ
947 980 968 1022 ὁ
989 981 1146 1022 διώκων
1165 980 1256 1033 εἰμί.
1293 981 1331 1021 5.
1350 982 1645 1034 παραμυθεῖται

286 1048 329 1090 δέ
354 1064 400 1102 με
419 1048 463 1090 τὸ
482 1048 578 1101 μετὰ
595 1051 753 1089 πολλῶν
773 1046 844 1100 μὲν
864 1046 1012 1099 ἐθνῶν,
1031 1049 1189 1087 πολλῶν
1208 1044 1250 1087 δὲ
1269 1044 1436 1097 πόλεων,
1450 1044 1646 1085 πλείστων

287 1113 330 1156 δὲ
355 1114 587 1168 ἀνθρώπων
612 1112 856 1167 ὑβρίζεσθαι.
895 1112 931 1153 εἰ
953 1111 1028 1166 γὰρ
1060 1112 1103 1153 οἱ
1124 1110 1196 1164 μὲν
1226 1109 1410 1164 εὔχονταί
1438 1121 1479 1150 σε
1510 1111 1646 1162 λαβεῖν

288 1178 466 1233 ἡνίοχον,
493 1180 542 1220 σὺ
567 1174 605 1219 δ’
628 1178 717 1228 ἐξὸν
742 1177 876 1233 ἄρχειν
900 1177 976 1218 οὐκ
1000 1176 1163 1225 ἐθέλεις.
1189 1176 1287 1217 ἀλλὰ
1316 1178 1464 1228 μᾶλλον
1487 1181 1655 1230 τρυφᾶν

235 1257 269 1284 1⁶
289 1244 315 1299 ἢ
340 1249 492 1295 πονεῖν,
517 1243 582 1285 καὶ
606 1243 822 1285 καθεύδειν
841 1241 868 1296 ἢ
887 1237 932 1284 εὖ
951 1246 1094 1293 ποιεῖν,
1117 1249 1203 1291 πῶς
1227 1241 1276 1283 ού
1294 1241 1423 1282 πάντα
1447 1239 1567 1293 μικρά
1585 1251 1648 1280 σοι

289 1311 536 1363 νενόμισται;
563 1311 601 1350 6.
626 1309 722 1350 ἀλλὰ
754 1308 830 1363 γὰρ
855 1308 904 1350 οὐ
929 1311 1058 1356 καλῶς
1082 1307 1193 1348 ἔοικα
1218 1308 1466 1362 ῥητορεύειν,
1490 1304 1527 1346 εἰ
1551 1306 1646 1346 δυσ-

288 1377 482 1431 χεραίνων
507 1388 581 1416 σου
613 1374 688 1427 τὴν
712 1374 940 1427 ὑπεροψίαν
964 1371 1044 1425 ἀφ’
1065 1368 1128 1414 ὧν,
1148 1372 1254 1414 ἔσται
1272 1372 1414 1425 μείζων
1433 1370 1542 1425 λέγω·
1567 1385 1648 1411 τοι·

290 1449 410 1484 οῦτον
433 1441 509 1496 γὰρ
534 1440 577 1482 τὸ
604 1441 773 1491 φάσκειν
797 1440 853 1488 εἰς
878 1437 919 1480 σὲ
944 1437 1152 1493 κεχηνέναι
1175 1438 1400 1486 τοσούτους.
1434 1439 1472 1477 7.
1498 1433 1551 1477 ἵν’
1574 1430 1650 1477 οὖν

290 1507 345 1560 μὴ
370 1514 486 1549 τοῦτο
511 1501 558 1564 ᾗ,
582 1506 766 1559 μάνθανε
793 1503 846 1554 ὥς
871 1504 921 1546 ού
946 1511 1068 1546 πᾶσιν
1093 1503 1279 1557 ἀρέσκεις.
1318 1499 1378 1551 οἷς
1402 1502 1476 1557 γὰρ
1502 1502 1547 1542 αἱ
1569 1507 1650 1550 τῶν

238 1584 273 1611 το
291 1572 421 1614 ἄλλων
454 1571 659 1625 συμφοραὶ
691 1571 901 1625 πρόσοδοι,
931 1569 1008 1611 κᾶν
1040 1569 1299 1622 ἀποτεμόντες
1334 1580 1376 1609 σε
1407 1568 1575 1622 φάγοιεν
1599 1565 1650 1607 ἂν

292 1637 432 1691 ἡδέως,
456 1638 694 1690 θαυμαστὸν
720 1635 763 1678 δὲ
788 1637 883 1685 ἴσως
908 1635 1044 1678 οὐδέν.
1076 1634 1143 1677 καὶ
1173 1634 1248 1690 γὰρ
1281 1634 1323 1676 οἱ
1343 1634 1458 1675 λύκοι
1490 1638 1650 1686 μισοῦσι

292 1704 386 1753 τοὺς
410 1704 548 1752 κύνας.

367 1828 388 1860 8
416 1824 500 1860 Eur.
520 1823 632 1869 Hipp.
656 1827 674 1859 1
746 1825 790 1859 10
816 1821 1018 1858 Salzmann
1046 1824 1091 1857 90
1137 1822 1142 1866 Ι
1181 1819 1277 1857 Plat.
1298 1819 1456 1855 Phaedt.
1476 1831 1512 1865 p.
1532 1817 1649 1854 24113.

295 1871 496 1907 Salamanu
517 1874 562 1907 59
630 1874 674 1906 21
696 1871 741 1906 cf.
763 1880 821 1916 ep.
843 1873 947 1906 1385.
958 1867 1056 1905 piat.
1070 1867 1175 1915 soph.
1188 1880 1224 1915 p.
1236 1871 1304 1904 2³1
1316 1868 1360 1904 A.
1382 1866 1592 1913 Richtsteig
1606 1869 1651 1901 74

370 1994 388 2026 1
416 1990 508 2026 αὐτὸ
539 1989 629 2026 libri
662 1988 771 2024 Wolf
834 1991 841 2033 1
904 1987 1051 2034 ἠρόμην
1082 2008 1131 2014 --
1162 1991 1184 2023 2
1216 1986 1265 2023 ἄν
1296 1997 1335 2022 σε
1360 1986 1390 2023 S
1418 1985 1484 2022 sed
1507 1984 1654 2031 ἠρόμην

298 2036 366 2074 οὖν
390 2043 465 2074 ποῦ
490 2037 537 2073 τὰ
560 2035 656 2082 πρὸς
674 2036 736 2083 ἐμὲ
756 2035 966 2082 γράμματα,
986 2033 1146 2081 νομίζων
1165 2035 1214 2076 ὡς
1238 2035 1308 2071 οὐκ
1327 2034 1376 2070 ἄν
1395 2044 1434 2070 σι
1459 2032 1499 2068 in
1523 2033 1650 2079 marg}

298 2084 415 2122 αὐτόν
451 2087 491 2121 et
518 2089 540 2121 2
572 2084 614 2121 δὲ
664 2095 726 2121 om
752 2084 851 2121 Vina
884 2083 984 2119 Benz
1102 2086 1123 2118 2
1150 2083 1200 2125 ὡς
1232 2084 1319 2129 post
1356 2080 1516 2128 νομίζων
1555 2080 1655 2116 Benz

359 2138 380 2169 8
399 2133 444 2169 οὐ
472 2134 507 2169 V
527 2132 594 2168 ned
618 2132 659 2169 in
683 2131 732 2178 μὴ
766 2142 849 2168 cort
876 2131 945 2176 m⁴,
979 2131 1035 2168 Va
1100 2134 1122 2166 4
1148 2129 1396 2176 ἐνεθυμήθην
1420 2129 1460 2164 D
1533 2131 1554 2163 ⁶
1580 2127 1656 2174 φὴς

298 2227 387 2264 libri
421 2227 495 2264 edd
569 2230 591 2263 8
614 2193 702 2264 τὸῖνρ
712 2177 832 2272 ἶρῗῖα
856 2226 886 2263 S
955 2229 977 2262 9
1008 2223 1099 2262 ποτ’
1130 2225 1292 2262 VaVind
1316 2223 1390 2260 odd
1464 2227 1508 2259 15
1539 2222 1655 2278 μικρά

299 2286 359 2313 σοι
381 2276 507 2311 πάντα
532 2275 562 2312 S
632 2278 677 2311 17
704 2286 763 2311 σοι
790 2275 845 2311 Va
870 2273 936 2310 ned
962 2287 977 2310 ι
1001 2271 1112 2319 suppl
1139 2273 1198 2308 m‘
1232 2275 1238 2318 Ι
1272 2270 1405 2317 μείζων
1429 2271 1530 2307 ἔσται
1559 2270 1657 2307 de

299 2323 398 2359 Benz
419 2326 426 2370 Ι
448 2335 507 2359 σοι
533 2323 622 2358 ante
653 2320 762 2368 μείζω
788 2322 829 2358 D
850 2324 855 2366 Ι
877 2323 1002 2368 μεῖζον
1028 2321 1075 2357 Vi
1095 2321 1102 2366 1
1122 2320 1294 2356 τοιούτου
1320 2319 1349 2356 S
1437 2322 1481 2354 19
1506 2330 1548 2364 γε
1572 2319 1659 2364 pont

300 2376 410 2407 τοῦτο
428 2371 528 2407 Vina
541 2370 648 2406 Wolf
660 2371 700 2406 01:
718 2370 819 2406 inser
836 2369 866 2407 S
900 2368 1024 2404 delevi
1071 2371 1118 2404 20
1137 2367 1327 2414 συμφοραὶ
1343 2367 1379 2402 V
1391 2366 1456 2402 ned
1476 2377 1559 2402 corr
1576 2365 1653 2412 m'i

300 2418 570 2464 κατατεμόντες
594 2419 662 2453 aut
687 2416 922 2462 ἐπιτεμόντις
944 2415 1031 2452 coni
1055 2416 1111 2451 Re
1132 2418 1139 2462 Ι
1160 2426 1228 2452 σου
1253 2415 1289 2452 V
1307 2413 1373 2450 ned
1398 2427 1444 2450 ου
1468 2414 1509 2449 in
1534 2425 1551 2449 ε
1577 2424 1659 2450 corr

303 2467 369 2510 m⁴‚
401 2467 456 2502 Va
478 2469 483 2510 1
506 2465 676 2512 φάγοιαν
695 2465 752 2501 Va
776 2464 843 2500 ned
868 2466 951 2510 α(2)
976 2463 1090 2510 suppl
1115 2463 1171 2499 m⁶
1191 2465 1198 2509 Ι
1224 2460 1274 2499 ἂν
1299 2461 1401 2498 inser
1421 2461 1500 2498 Va⁴
1540 2471 1601 2497 om
1627 2461 1663 2497 V
