1806 2964
311 244 400 286 540
903 241 1087 278 LIBANII

310 354 382 408 μὲν
401 350 476 396 οὖν
506 355 630 396 αὐτὸν
655 354 830 407 τιμήσεις
855 353 1002 405 πατρός
1026 369 1064 393 τε
1090 354 1220 394 εἵνεκα
1244 354 1312 395 καὶ
1331 355 1448 396 θείου
1473 354 1540 395 καὶ
1563 355 1673 396 πάπ-

308 437 403 472 που,
427 425 569 475 πεῖραν
595 418 638 461 δὲ
663 421 877 472 λαμβάνων
901 425 973 471 τῆς
997 419 1180 473 γνώμης,
1204 419 1272 461 καὶ
1295 420 1371 475 γὰρ
1394 419 1591 462 ἐπέδωκεν
1614 421 1676 471 εἰς

309 487 351 528 τὸ
389 486 585 539 βέλτιστος
628 482 751 536 εἶναι,
789 486 914 542 τούτῳ
952 485 1145 542 θαυμάσῃ
1183 485 1253 527 τὸν
1293 484 1432 540 ἄνδρα.
1483 488 1521 528 3.
1552 485 1675 541 λόγον

310 551 353 593 δὲ
378 551 467 606 περὶ
490 549 605 604 ἡμῶν
630 550 809 591 ἀπαιτῶν
834 549 927 602 ὄψει
954 548 1025 602 μὲν
1051 550 1174 591 αὐτὸν
1198 550 1242 591 ἕν
1267 558 1315 608 τῇ
1340 551 1520 606 διηγήσει
1549 551 1597 593 τὰ
1621 552 1671 593 σὰ

275 632 290 658 ι
312 619 561 670 μιμούμενον
592 617 648 665 εἰς
681 615 766 669 ἐμέ,
792 623 909 657 τοῦτο
935 614 978 656 δὲ
1004 615 1247 669 αἰσθόμενος
1277 618 1402 658 παῖδα
1433 623 1581 659 σαυτοῦ
1604 633 1674 659 νο-

309 687 424 736 μιεῖς·
458 688 641 723 τοιοῦτον
670 681 745 736 γὰρ
778 681 830 734 δὴ
855 682 898 722 τὸ
931 681 1002 722 σὸν
1036 681 1125 734 περὶ
1159 682 1229 722 τὸν
1261 682 1477 736 πρόθυμον
1507 683 1563 732 εἰς
1593 682 1673 736 ἐμέ.

309 751 348 789 4.
374 747 421 788 τὰ
446 746 519 800 μὲν
543 742 618 788 οὖν
649 747 745 788 ἄλλα
780 742 897 795 οὗτος
928 747 1027 800 ἐρεῖ,
1061 747 1191 801 λόγων
1224 751 1398 801 πλῆθος,
1431 748 1525 797 ἴσως
1559 747 1603 790 δέ
1635 764 1674 790 τι

308 813 374 854 καὶ
399 814 563 864 κάλλος,
587 812 691 853 νέων
716 815 875 866 πλῆθος
900 812 968 854 καὶ
992 811 1082 867 περὶ
1106 812 1199 861 τοὺς
1225 812 1342 862 νέους
1365 813 1531 867 πόνους,
1554 812 1673 864 νέους

307 879 445 920 πόνων
470 878 648 933 ἐραστάς,
675 879 818 930 φίλους
843 879 1015 927 πολλούς
1040 893 1080 918 τε
1104 877 1171 918 καὶ
1191 879 1402 932 φαιδρούς,
1427 877 1598 934 ἐχθροὺς
1622 879 1675 922 οὗ

256 960 291 986 ιο
309 944 482 992 πολλοὺς
512 943 580 984 καὶ
615 944 835 991 ταπεινούς.
876 945 912 984 5.
940 941 963 984 ὃ
988 941 1031 984 δὲ
1057 938 1173 992 οὗτος
1198 941 1270 997 μὲν
1296 943 1372 984 οὐκ
1401 943 1494 999 ἐρεῖ,
1518 951 1671 999 σεσιγῆ·

307 1014 406 1050 σθαι
437 1008 480 1050 δὲ
512 1008 560 1050 οὐ
591 1009 737 1061 καλόν,
769 1010 965 1062 δεσπότην
995 1024 1042 1062 με
1073 1015 1152 1050 τῶν
1183 1008 1308 1050 αὑτοῦ
1333 1005 1427 1062 μεθ’
1450 1008 1575 1051 αὑτοῦ
1606 1025 1672 1052 πε·

305 1076 466 1127 ποίηται
490 1074 564 1127 τὴν
588 1074 819 1129 συγγένειαν
838 1074 1087 1128 αἰδούμενος.
1107 1074 1225 1116 ταύτὸ
1245 1070 1284 1115 δ’
1306 1073 1358 1116 ἂν
1377 1070 1487 1128 οἶμαι
1505 1081 1674 1129 ποιῆσαι

305 1140 372 1181 καὶ
403 1140 503 1194 πρὸς
533 1138 653 1181 ἄλλον
679 1139 728 1181 οὐ
755 1146 925 1194 συγγενῆ
951 1139 1038 1193 μέν,
1062 1139 1220 1195 ἀγαθὸν
1245 1139 1298 1182 δέ.

233 1286 282 1320 W
309 1287 376 1321 491
942 1275 1039 1329 φοε’.

251 1365 285 1391 ιι
793 1349 1044 1404 Θεμιστίῳ.
1078 1353 1184 1396 (357)

369 1438 404 1474 1.
427 1429 470 1474 ‘O
490 1431 562 1484 μὲν
587 1433 742 1485 δαίμων
767 1432 816 1474 οὐ
840 1436 969 1481 καλῶς
993 1430 1092 1486 ὑπὲρ
1112 1439 1191 1473 τῶν
1215 1439 1297 1473 σῶν
1322 1432 1596 1487 ἐβουλεύσατο,
1620 1431 1673 1474 σὺ

305 1498 362 1551 δέ,
388 1495 512 1551 οἶμαι,
536 1501 678 1548 καλῶς.
715 1497 737 1539 ὁ
763 1497 835 1551 μὲν
859 1497 934 1553 γὰρ
959 1496 1166 1555 ἀφῄρηταί
1194 1511 1236 1539 σε
1265 1499 1496 1551 Θεμίστιον,
1521 1495 1569 1550 ὃν
1593 1496 1670 1552 ἐγώ

302 1579 396 1605 ποτε
422 1568 508 1614 ταῖς
528 1559 776 1617 Ἰσοκράτους
807 1563 1085 1617 παραινέσεων
1119 1563 1293 1616 ἔθρεψα·
1327 1563 1370 1605 σὲ
1401 1563 1444 1605 δὲ
1476 1564 1525 1605 οὐ
1556 1562 1670 1605 κατέ-

304 1634 447 1671 κλυσεν
466 1627 492 1682 ἡ
513 1630 715 1683 συμφορά,
735 1629 864 1682 μένεις
883 1627 926 1671 δὲ
945 1629 989 1670 ἐν
1007 1633 1090 1679 τοῖς
1108 1630 1350 1682 φιλοσοφίας
1369 1628 1508 1682 νόμοις
1525 1628 1671 1686 ἀνδρίᾳ

380 1737 424 1769 14
456 1733 507 1769 V!
529 1730 574 1778 γ’,
601 1732 685 1776 aed.
723 1733 775 1769 Va
801 1733 846 1776 ς’,
873 1732 950 1769 ποί.
986 1734 1037 1769 νο
1063 1731 1110 1776 ς’,
1135 1732 1213 1769 πα’.
1239 1733 1269 1770 S
1291 1732 1342 1776 α’,
1368 1732 1429 1779 ιγ’.
1467 1733 1514 1769 νι’
1531 1732 1625 1781 [κγ’]

380 1835 394 1864 1
426 1828 584 1864 Himerii
624 1831 631 1873 1
671 1828 823 1874 Sopatri
853 1828 859 1876 Ι
889 1828 1088 1864 Iamblichi
1122 1829 1128 1871 Ι
1162 1828 1377 1875 cf.0p.6'11
1455 1832 1500 1864 16
1525 1827 1671 1864 Siovor·

307 1876 433 1912 250R.
460 1876 578 1912 Seeck
604 1879 686 1912 296.
712 1880 780 1912 33⁶

379 1976 400 2007 3
424 1972 560 2032 τούτῳ]
595 1972 688 2019 ,Ιορι
716 1972 844 2008 malim
872 1976 941 2008 aut
972 1970 1069 2032 οῧτρ
1095 1975 1163 2007 aut
1187 1971 1399 2018 (βέλτιστος)
1422 1971 1578 2017 τούτων,
1602 1975 1671 2007 aut

306 2021 340 2056 ει·
369 2033 487 2067 τουτῳ
518 2023 689 2063 servetwr,
725 2021 848 2066 accipi
875 2030 949 2066 pro
978 2019 1115 2065 ταύτῃ“
1150 2019 1204 2054 Re
1231 2019 1277 2055 cf.
1298 2031 1334 2065 p.
1354 2023 1437 2063 548„
1458 2023 1476 2055 1
1517 2021 1525 2064 Ι
1567 2021 1669 2055 θαυ-

306 2066 404 2113 μάσῃ
437 2057 569 2113 scripsi
604 2078 625 2103 e
658 2068 693 2103 V
718 2067 791 2103 coll
823 2078 880 2113 op.
914 2070 983 2102 562
1015 2079 1050 2113 p.
1080 2070 1167 2110 530,
1186 2071 1225 2111 6;
1258 2078 1316 2112 ep.
1350 2070 1417 2102 651
1448 2078 1485 2112 p.
1514 2069 1602 2111 694,
1623 2070 1670 2103 18

307 2115 519 2160 θαυμάσεις
536 2115 593 2150 Va
603 2115 691 2151 Vos
707 2113 816 2151 Wolf
862 2119 883 2149 ὁ
902 2115 1039 2151 τούτου
1054 2115 1106 2150 νο
1119 2113 1186 2150 sed
1205 2125 1226 2150 o
1244 2121 1353 2151 τοῦτο
1373 2125 1465 2154 corr.
1491 2114 1520 2151 S
1536 2113 1645 2150 Wolf
1661 2113 1666 2159 1

307 2161 349 2197 δὲ
375 2162 478 2199 inser
503 2162 558 2199 ν*
595 2160 634 2198 δ’
657 2162 759 2198 inser
785 2162 855 2199 νο*
879 2161 990 2198 Wolf
1021 2173 1083 2198 om
1109 2163 1163 2199 Va
1232 2166 1253 2198 6
1272 2174 1319 2198 πε
1321 2161 1439 2208 ρὶ,(1ο1
1461 2162 1514 2198 ν·
1547 2163 1554 2208 Ι
1579 2161 1622 2197 τὸ
1639 2162 1675 2199 V

308 2210 372 2245 ned
399 2209 461 2245 del
485 2209 542 2245 m‘
591 2213 613 2246 8
637 2209 743 2254 παρὰ
763 2211 820 2246 να
844 2210 910 2246 nod
935 2208 1011 2254 αρὰ
1029 2209 1140 2256 suppl
1165 2209 1223 2245 m⁶
1243 2211 1249 2254 Ι
1269 2209 1422 2252 πόνους,
1441 2208 1550 2251 νέους
1567 2209 1671 2245 inser

315 2258 370 2293 ν*
412 2269 473 2293 om
492 2258 547 2294 Va
555 2258 644 2295 Vos
691 2256 856 2303 θφίλους
873 2258 974 2294 inser
991 2257 1044 2292 V⁴
1080 2268 1142 2293 om
1162 2256 1219 2294 Va
1228 2257 1316 2294 VoS
1333 2259 1340 2305 Ι
1360 2257 1520 2300 πολλούς
1546 2257 1582 2293 ν
1601 2255 1669 2293 nod

307 2305 373 2346 οὖς
399 2315 442 2340 ex
469 2311 523 2342 ῶν
548 2316 631 2342 oon·
654 2305 711 2341 m‘
732 2307 738 2351 Ι
758 2315 797 2342 τε
822 2305 923 2341 inser
949 2305 1003 2342 ν*
1039 2316 1099 2340 om
1128 2305 1279 2342 VaVoS
1297 2305 1302 2351 Ι
1323 2305 1389 2341 καὶ
1413 2304 1515 2341 inser
1540 2304 1598 2341 ν*

309 2356 351 2388 11
379 2353 496 2389 αὑτοῦ
523 2354 559 2389 ν
579 2351 669 2389 sed
695 2364 778 2389 corr
802 2353 859 2388 m⁴
904 2354 909 2398 Ι
955 2350 1042 2399 μεθ’
1067 2353 1184 2389 αὑτοῦ
1216 2352 1279 2388 del
1305 2352 1360 2390 V⁴
1444 2355 1488 2388 1²
1512 2355 1670 2398 ποιῆσαι

308 2399 442 2446 scripsi
469 2411 489 2436 e
516 2401 648 2438 VVoS
674 2400 846 2445 ποιήσειν
872 2401 930 2437 Va
960 2399 1068 2436 Wolf
1137 2403 1181 2436 15
1206 2399 1375 2447 φιλίππφ
1398 2399 1482 2437 Βνί
1554 2403 1598 2435 16
1624 2399 1669 2435 συ

315 2448 367 2484 νο
398 2447 464 2483 nod
498 2461 523 2484 υ
554 2459 600 2484 ox
632 2462 669 2485 οι
699 2459 782 2484 corr
810 2448 867 2483 m⁴
948 2451 992 2484 17
1029 2459 1068 2484 σε
1100 2447 1235 2494 scripsi
1267 2458 1288 2484 e
1314 2436 1519 2485 VaVoSVi
1553 2458 1612 2483 σοι
1639 2446 1675 2484 V

312 2494 417 2531 Wolf
487 2499 531 2531 19
556 2495 714 2546 ἀνδρείᾳ
742 2497 795 2533 Va
805 2496 893 2533 Vos
905 2496 950 2532 Vi
974 2495 1081 2532 Wolf
