1806 2964
635 229 904 267 EPISTULAE
928 234 1120 267 558-560
1478 230 1567 275 595

189 358 314 398 γυριν
337 342 467 385 ἐκάλει
492 342 567 395 τὴν
591 343 730 396 πόλιν,
762 341 946 397 ἡκόντων
977 342 1004 384 ἃ
1034 342 1209 398 παρέστη
1240 348 1323 393 τοῖς
1354 344 1448 400 τῇδε
1479 343 1568 398 περὶ

194 415 276 450 τῶν
305 409 571 464 γραμμάτων,
601 407 790 451 ἄκουσον.
833 412 871 451 3.
903 408 1078 463 ἐξῆλθον
1111 408 1155 451 ἐκ
1185 416 1258 451 τοῦ
1290 410 1569 452 διδασκαλείου

190 474 286 528 περὶ
310 475 583 530 μεσημβρίαν,
607 481 687 516 τῶν
712 471 750 516 δ’
774 475 1035 517 ἀκουσάντων
1059 471 1120 525 οἷς
1145 471 1197 529 ἦν
1223 476 1415 528 αἴσθησις
1440 477 1570 531 λόγων

193 539 421 595 ἐντυχόντες
452 556 522 594 μοι
553 547 639 595 σῆς
672 541 828 594 ἔφασαν
862 537 1142 596 ἀκηκόαμεν
1167 542 1434 595 ἐπιστολῆς.
1471 549 1570 592 πῶς

189 606 300 660 ἔφην
342 606 479 660 ἐμῆς;
514 607 605 658 ὅτι,
650 606 708 660 νὴ
751 608 866 659 Δία,
907 611 1140 659 τοιαύτας
1179 609 1337 662 ἔφασαν
1379 608 1567 666 ἐργάζῃ.
1607 623 1622 650 ε

194 673 262 714 καὶ
286 673 329 714 τό
355 688 395 715 τε
420 674 563 722 κάλλος
586 670 767 731 ἐπῄνουν
791 674 859 715 καὶ
890 673 934 716 τὸ
959 674 1015 728 μὴ
1042 675 1210 728 μάταιον
1241 679 1370 729 μῆκος
1395 674 1571 729 ἐνοχλεῖν

198 744 253 797 τῷ
274 740 416 781 κάλλει.
448 738 538 792 ἐμοὶ
563 738 636 792 μὲν
661 734 738 781 οὖν
761 740 883 793 τιμήν
913 757 1004 783 τινα
1034 747 1151 782 τοῦτο
1183 739 1370 795 ἡγούμην
1395 740 1510 795 ἔχειν,
1534 741 1572 782 εἰ

194 804 240 847 δὲ
265 805 322 859 μὴ
347 806 415 847 σοί
436 822 527 846 τινα
551 806 693 860 ὕβριν,
718 805 839 855 αὐτὸς
870 807 1020 849 σκόπει.
1061 809 1100 847 4.
1125 806 1193 849 καὶ
1218 807 1288 848 τὸν
1313 807 1494 860 Λητόιον
1519 808 1570 848 σύ

193 887 234 913 τε
260 871 284 914 ὅ
307 887 345 913 τι
369 872 468 926 ἔχεις
493 870 638 924 ὠφέλει
661 871 730 913 καὶ
759 873 855 922 τοὺς
881 871 1028 922 ἄλλους
1052 874 1363 928 συμπαρακαλει.
1401 873 1469 914 καὶ
1493 873 1569 928 γὰρ

195 933 243 979 εὖ
268 937 443 994 γεγονὼς
465 937 534 979 καὶ
553 937 798 991 μετειληφὼς
816 938 945 994 λόγων
964 939 1031 980 καὶ
1049 939 1230 992 λαμπρὸς
1253 939 1297 982 ἐκ
1316 943 1569 994 λειτουργιῶν
1590 955 1624 981 ιο

196 1004 265 1045 καὶ
290 1010 392 1046 νοῦν
416 1004 517 1059 ἔχων
541 1003 609 1045 καὶ
643 1004 836 1059 φρόνημα
867 1005 1025 1046 δίκαιον
1055 1005 1123 1047 καὶ
1153 1006 1268 1060 χάριν
1297 1005 1398 1061 πρὸς
1421 1009 1477 1063 τῷ
1501 1009 1570 1046 λα-

194 1072 284 1124 βεῖν
307 1070 424 1120 εἰδὼς
448 1070 675 1112 ἀποδοῦναι
694 1071 776 1124 καί,
801 1068 823 1111 ὃ
844 1071 894 1125 δὴ
916 1072 1082 1124 μάλιστα
1102 1071 1153 1113 σὺ
1171 1076 1331 1125 ποθεῖς,
1356 1070 1456 1125 ἡμῖν
1481 1071 1569 1113 ἀντὶ

193 1138 349 1191 τείχους
373 1136 440 1178 καὶ
465 1136 720 1192 δορυφόρων.

843 1241 922 1298 φξῖ
1493 1253 1542 1289 W
1569 1257 1640 1290 474

656 1326 956 1389 Ἀνδρονίκῳ.
990 1341 1097 1384 (357)
1588 1346 1623 1373 15

260 1418 296 1455 1.
322 1414 447 1464 Εἰκὸς
473 1412 547 1468 μὲν
571 1414 685 1468 ἥκειν
710 1413 764 1464 ὡς
788 1413 895 1468 ὑμᾶς
919 1414 1038 1470 λόγον
1063 1421 1142 1456 τῶν
1166 1415 1307 1470 ἔργων,
1332 1412 1394 1464 οἷς
1418 1415 1476 1464 εἰς
1502 1413 1568 1469 ἐμὲ

192 1480 380 1535 κέχρηται
404 1483 640 1535 Μαιορῖνος
665 1480 805 1522 οὑτοσί
811 1491 820 1500 ·
846 1480 944 1534 ὑμῖν
968 1496 1007 1523 τε
1032 1481 1107 1537 γὰρ
1133 1480 1311 1535 ἐπιμελὲς
1336 1480 1463 1535 μηδὲν
1489 1488 1569 1523 τῶν

195 1546 305 1599 ἐμῶν
349 1545 509 1601 ἀγνοεῖν
552 1547 600 1587 τά
642 1562 682 1587 τε
719 1548 863 1589 τούτου
898 1554 1060 1589 τοιαῦτα
1095 1547 1185 1603 περὶ
1221 1546 1347 1602 ἡμᾶς,
1384 1544 1450 1589 οἷα
1487 1548 1568 1600 φή-

194 1629 279 1667 μην
309 1611 361 1654 ἂν
394 1613 584 1666 ποιήσαι,
613 1613 758 1654 κωλύει
789 1612 833 1654 δὲ
867 1612 988 1655 οὐδὲν
1017 1613 1084 1655 καὶ
1115 1610 1210 1668 παρ’
1232 1613 1331 1668 ἐμοῦ
1362 1618 1567 1669 λεχθῆναι.

198 1683 237 1720 2.
263 1674 380 1729 οὗτος
405 1678 619 1734 γενόμενος
649 1679 690 1729 ἐξ
722 1679 917 1733 ἐνδόξων,
948 1680 1022 1733 τὴν
1046 1680 1122 1735 γὰρ
1148 1680 1198 1733 δὴ
1232 1681 1420 1735 μεγίστην
1451 1676 1569 1735 ἧρξεν
1589 1694 1624 1721 ιο

195 1744 324 1799 ἀρχὴν
365 1743 386 1786 ὁ
421 1745 550 1800 πατὴρ
592 1745 737 1800 αὐτοῦ,
778 1745 843 1787 καὶ
882 1746 1078 1799 φοιτήσας
1110 1745 1175 1788 ἐπὶ
1212 1747 1345 1801 λόγοις
1375 1745 1423 1787 οὐ
1461 1745 1568 1801 παρὰ

270 1865 315 1898 14
348 1862 399 1898 V!
420 1861 467 1908 γ’,
494 1863 585 1909 σνβ.
619 1863 675 1898 Va
700 1862 747 1907 ς’,
773 1861 840 1906 ξς’.
868 1863 920 1900 Vo
946 1860 992 1907 ς’,
1017 1861 1086 1907 ξς’.
1111 1862 1141 1899 S
1163 1861 1209 1909 γ’,
1235 1862 1282 1899 δ’.
1317 1863 1365 1899 Vi
1388 1861 1503 1910 [σοοί]

269 1972 292 2006 8
317 1970 364 2007 of.
385 1981 471 2017 epp.
491 1974 694 2007 550—558.
723 1970 843 2007 Seeck
870 1973 938 2007 197
991 1975 1036 2007 15
1063 1970 1208 2008 Siovers
1236 1974 1303 2008 137
1330 1972 1408 2008 not.
1429 1974 1494 2016 223
1521 1974 1566 2006 62

195 2019 274 2053 not.
296 2022 328 2054 2.
356 2017 475 2056 Seeck
502 2022 557 2054 71.
579 2022 650 2055 384
725 2022 769 2055 1‘1
791 2019 836 2056 cf.
858 2029 917 2066 ep.
940 2023 1033 2055 1510

270 2131 288 2162 1
314 2132 394 2168 τοῖς
413 2126 547 2174 scripsi
567 2137 587 2163 e
605 2127 642 2163 V
661 2127 728 2163 aed
753 2138 814 2163 ras
841 2131 861 2163 2
887 2127 954 2163 litt
972 2129 1060 2174 post
1079 2142 1108 2171 ς,
1135 2127 1174 2163 D
1199 2128 1244 2163 ιιι
1268 2126 1355 2163 coni
1374 2127 1430 2163 Re
1465 2132 1567 2163 τοῖσ-

194 2175 238 2210 δε
264 2175 382 2212 VaVo
409 2174 516 2211 Wolf
586 2179 607 2211 3
633 2175 728 2220 πρὸς
752 2176 793 2212 D
814 2178 820 2220 1
843 2173 896 2211 δι’
931 2176 985 2212 Va
1058 2179 1079 2211 ⁶
1106 2188 1147 2222 γε
1172 2175 1262 2212 libri
1306 2186 1389 2212 corr
1413 2174 1523 2211 Wolf

194 2226 217 2258 8
243 2233 304 2259 σοι
330 2223 366 2260 V
385 2223 453 2260 sed
477 2236 515 2260 οι
540 2234 586 2260 ex
611 2237 634 2259 υ
661 2234 744 2259 corr
768 2223 825 2259 ω’
846 2228 851 2267 Ι
874 2224 967 2259 αὐτὸ
997 2224 1136 2260 VVoD
1215 2226 1236 2260 9
1263 2236 1319 2260 οτι
1345 2223 1436 2259 libri
1461 2223 1571 2260 Wolf

245 2274 288 2307 11
314 2270 357 2307 τὸ
383 2271 419 2307 V
499 2274 542 2307 17
569 2271 767 2316 μαιόρινος
792 2272 950 2309 VVaVo
977 2271 1084 2307 Wolf
1127 2269 1301 2318 μαιόριος
1325 2271 1355 2308 S
1389 2270 1568 2333 μαλόριος

202 2318 250 2355 Π
270 2320 276 2365 Ι
297 2315 410 2356 οὖτοσ
433 2319 544 2356 ἐστὶν·
574 2320 629 2356 Va
638 2320 689 2356 Vo
716 2319 783 2356 sed
807 2319 848 2355 in
873 2319 980 2356 hoc
970 2332 1009 2355 m
1029 2320 1180 2357 οὑτοσὶν
1200 2330 1283 2356 cort
1300 2320 1357 2355 m‘
1394 2317 1506 2363 ουτος
1519 2320 1567 2357 Vi

446 2380 516 2413 περ
520 2368 534 2403 ὶ

196 2413 306 2450 Wolf
376 2418 421 2452 18
445 2416 542 2461 πρὸς
567 2416 603 2452 V
624 2415 691 2451 sed
717 2412 783 2461 ρὸς
808 2415 870 2452 del
895 2416 952 2451 m¹
979 2417 1017 2452 et
1042 2415 1130 2460 περὶ
1156 2414 1219 2450 del
1245 2415 1301 2450 m⁴
1383 2418 1427 2451 19
1452 2419 1564 2461 ποιῆ-

194 2472 258 2545 ιῦῧι
269 2462 369 2546 ἕνα·
422 2467 468 2499 20
487 2465 530 2500 δε
555 2466 642 2510 post
659 2462 728 2510 τὴν
747 2474 831 2500 eras
862 2465 893 2500 V
958 2468 1001 2499 21
1031 2465 1149 2500 αὐτοῦ
1175 2463 1308 2510 scripsi
1346 2463 1448 2512 αὐτῷ
1476 2462 1566 2499 libri

245 2520 268 2546 ο
