<?xml version="1.0" encoding="UTF-8"?>
<!DOCTYPE html PUBLIC "-//W3C//DTD XHTML 1.0 Transitional//EN"
    "http://www.w3.org/TR/xhtml1/DTD/xhtml1-transitional.dtd">
<html xmlns="http://www.w3.org/1999/xhtml" xml:lang="en" lang="en">
 <head>
  <title>
</title>
<meta http-equiv="Content-Type" content="text/html;charset=utf-8" />
  <meta name='ocr-system' content='tesseract 3.04.00' />
  <meta name='ocr-capabilities' content='ocr_page ocr_carea ocr_par ocr_line ocrx_word'/>
</head>
<body>
  <div class='ocr_page' id='page_1' title='image "./operarecensuitri10libauoft_0610.png"; bbox 0 0 1806 2964; ppageno 0'>
   <div class='ocr_carea' id='block_1_1' title="bbox 291 223 1059 273">
    <p class='ocr_par' dir='ltr' id='par_1_1' title="bbox 291 223 1059 273">
     <span class='ocr_line' id='line_1_1' title="bbox 291 223 1059 273; baseline -0.018 0"><span class='ocrx_word' id='word_1_1' title='bbox 291 229 377 273; x_wconf 81' lang='grc'><strong><em>598</em></strong></span> <span class='ocrx_word' id='word_1_2' title='bbox 877 223 1059 261; x_wconf 80' lang='lat' dir='ltr'>LIBANII</span> 
     </span>
    </p>
   </div>
   <div class='ocr_carea' id='block_1_2' title="bbox 256 331 1647 778">
    <p class='ocr_par' dir='ltr' id='par_1_2' title="bbox 290 331 1647 589">
     <span class='ocr_line' id='line_1_2' title="bbox 291 331 1646 392; baseline -0.006 -11"><span class='ocrx_word' id='word_1_3' title='bbox 291 339 363 392; x_wconf 85' lang='grc' dir='ltr'><strong><em>μὲν</em></strong></span> <span class='ocrx_word' id='word_1_4' title='bbox 388 339 547 387; x_wconf 79' lang='grc' dir='ltr'><strong><em>ἐλπίσας</em></strong></span> <span class='ocrx_word' id='word_1_5' title='bbox 571 337 649 378; x_wconf 82' lang='grc' dir='ltr'><strong><em>ἀπὸ</em></strong></span> <span class='ocrx_word' id='word_1_6' title='bbox 681 343 760 377; x_wconf 86' lang='grc' dir='ltr'><strong><em>τῶν</em></strong></span> <span class='ocrx_word' id='word_1_7' title='bbox 793 334 1092 390; x_wconf 76' lang='grc' dir='ltr'><em>γεγραμμένων,</em></span> <span class='ocrx_word' id='word_1_8' title='bbox 1119 333 1216 375; x_wconf 80' lang='grc' dir='ltr'><strong><em>ἰδὼν</em></strong></span> <span class='ocrx_word' id='word_1_9' title='bbox 1242 333 1284 375; x_wconf 81' lang='grc' dir='ltr'><strong><em>δὲ</em></strong></span> <span class='ocrx_word' id='word_1_10' title='bbox 1308 333 1534 385; x_wconf 83' lang='grc' dir='ltr'><strong><em>τεθυμένην</em></strong></span> <span class='ocrx_word' id='word_1_11' title='bbox 1557 331 1646 385; x_wconf 75' lang='grc' dir='ltr'><strong><em>ἤτοι</em></strong></span> 
     </span>
     <span class='ocr_line' id='line_1_3' title="bbox 290 397 1646 457; baseline -0.007 -10"><span class='ocrx_word' id='word_1_12' title='bbox 290 412 361 447; x_wconf 79' lang='grc' dir='ltr'><strong><em>τοῦ</em></strong></span> <span class='ocrx_word' id='word_1_13' title='bbox 386 404 586 457; x_wconf 77' lang='grc' dir='ltr'><strong><em>καύματος</em></strong></span> <span class='ocrx_word' id='word_1_14' title='bbox 611 401 853 456; x_wconf 76' lang='grc' dir='ltr'><strong><em>ἡττηθεῖσαν</em></strong></span> <span class='ocrx_word' id='word_1_15' title='bbox 882 399 909 453; x_wconf 79' lang='grc' dir='ltr'><strong>ἢ</strong></span> <span class='ocrx_word' id='word_1_16' title='bbox 934 401 1204 454; x_wconf 76' lang='grc' dir='ltr'><strong><em>προδοθεῖσαν</em></strong></span> <span class='ocrx_word' id='word_1_17' title='bbox 1235 398 1314 440; x_wconf 78' lang='grc' dir='ltr'><strong><em>ὑπὸ</em></strong></span> <span class='ocrx_word' id='word_1_18' title='bbox 1345 405 1424 439; x_wconf 85' lang='grc' dir='ltr'><strong><em>τῶν</em></strong></span> <span class='ocrx_word' id='word_1_19' title='bbox 1454 397 1646 452; x_wconf 79' lang='grc' dir='ltr'><strong><em>ἀγόντων,</em></strong></span> 
     </span>
     <span class='ocr_line' id='line_1_4' title="bbox 291 461 1645 520; baseline -0.006 -8"><span class='ocrx_word' id='word_1_20' title='bbox 291 465 397 512; x_wconf 77' lang='grc' dir='ltr'><strong><em>ὥσθ’</em></strong></span> <span class='ocrx_word' id='word_1_21' title='bbox 426 470 484 511; x_wconf 83' lang='grc' dir='ltr'><strong><em>ὅτι</em></strong></span> <span class='ocrx_word' id='word_1_22' title='bbox 510 481 573 510; x_wconf 90' lang='grc' dir='ltr'><strong><em>σοι</em></strong></span> <span class='ocrx_word' id='word_1_23' title='bbox 601 467 770 520; x_wconf 82' lang='grc' dir='ltr'><strong><em>πέμπειν</em></strong></span> <span class='ocrx_word' id='word_1_24' title='bbox 795 466 921 518; x_wconf 84' lang='grc' dir='ltr'><strong><em>αὐτὴν</em></strong></span> <span class='ocrx_word' id='word_1_25' title='bbox 947 465 1121 518; x_wconf 77' lang='grc' dir='ltr'><strong><em>ἐπῆλθεν</em></strong></span> <span class='ocrx_word' id='word_1_26' title='bbox 1145 463 1396 517; x_wconf 79' lang='grc' dir='ltr'><strong><em>ἐμεμψάμην.</em></strong></span> <span class='ocrx_word' id='word_1_27' title='bbox 1443 466 1481 505; x_wconf 83' lang='lat'><strong><em>3.</em></strong></span> <span class='ocrx_word' id='word_1_28' title='bbox 1505 469 1578 517; x_wconf 76' lang='grc' dir='ltr'><strong><em>τῆς</em></strong></span> <span class='ocrx_word' id='word_1_29' title='bbox 1602 461 1645 504; x_wconf 75' lang='grc' dir='ltr'><strong><em>δὲ</em></strong></span> 
     </span>
     <span class='ocr_line' id='line_1_5' title="bbox 291 528 1647 589; baseline -0.007 -12"><span class='ocrx_word' id='word_1_30' title='bbox 291 537 421 588; x_wconf 83' lang='grc' dir='ltr'><strong><em>νίκης,</em></strong></span> <span class='ocrx_word' id='word_1_31' title='bbox 437 533 490 588; x_wconf 75' lang='grc' dir='ltr'><strong><em>ἣν</em></strong></span> <span class='ocrx_word' id='word_1_32' title='bbox 516 533 699 587; x_wconf 78' lang='grc' dir='ltr'><strong><em>ἐμήνυες,</em></strong></span> <span class='ocrx_word' id='word_1_33' title='bbox 723 533 838 587; x_wconf 90' lang='grc' dir='ltr'><strong><em>χάριν</em></strong></span> <span class='ocrx_word' id='word_1_34' title='bbox 862 531 936 585; x_wconf 80' lang='grc' dir='ltr'><strong><em>ἔχω</em></strong></span> <span class='ocrx_word' id='word_1_35' title='bbox 961 534 1014 589; x_wconf 78' lang='grc' dir='ltr'><strong><em>τῷ</em></strong></span> <span class='ocrx_word' id='word_1_36' title='bbox 1039 529 1261 586; x_wconf 77' lang='grc' dir='ltr'><strong><em>ὁμωνύμῳ,</em></strong></span> <span class='ocrx_word' id='word_1_37' title='bbox 1285 528 1352 569; x_wconf 83' lang='grc' dir='ltr'><strong><em>καὶ</em></strong></span> <span class='ocrx_word' id='word_1_38' title='bbox 1377 528 1496 577; x_wconf 77' lang='grc' dir='ltr'><strong><em>αὐτός</em></strong></span> <span class='ocrx_word' id='word_1_39' title='bbox 1518 543 1561 582; x_wconf 86' lang='grc' dir='ltr'><strong><em>γε</em></strong></span> <span class='ocrx_word' id='word_1_40' title='bbox 1586 528 1647 569; x_wconf 80' lang='grc' dir='ltr'><strong><em>δι-</em></strong></span> 
     </span>
    </p>

    <p class='ocr_par' dir='ltr' id='par_1_3' title="bbox 256 592 1647 778">
     <span class='ocr_line' id='line_1_6' title="bbox 256 592 1647 651; baseline -0.007 -8"><span class='ocrx_word' id='word_1_41' title='bbox 256 617 274 643; x_wconf 79' lang='lat'><strong>5</strong></span> <span class='ocrx_word' id='word_1_42' title='bbox 294 602 446 651; x_wconf 81' lang='grc' dir='ltr'><strong><em>δάξειεν</em></strong></span> <span class='ocrx_word' id='word_1_43' title='bbox 471 598 603 640; x_wconf 84' lang='grc' dir='ltr'><strong><em>ε’λθὼν</em></strong></span> <span class='ocrx_word' id='word_1_44' title='bbox 628 599 701 651; x_wconf 81' lang='grc' dir='ltr'><strong><em>τήν</em></strong></span> <span class='ocrx_word' id='word_1_45' title='bbox 726 612 764 638; x_wconf 89' lang='grc' dir='ltr'><strong><em>τε</em></strong></span> <span class='ocrx_word' id='word_1_46' title='bbox 797 597 926 650; x_wconf 82' lang='grc' dir='ltr'><strong><em>μάχην</em></strong></span> <span class='ocrx_word' id='word_1_47' title='bbox 956 595 1023 638; x_wconf 83' lang='grc' dir='ltr'><strong><em>καὶ</em></strong></span> <span class='ocrx_word' id='word_1_48' title='bbox 1054 596 1161 644; x_wconf 81' lang='grc' dir='ltr'><strong><em>ὅπως</em></strong></span> <span class='ocrx_word' id='word_1_49' title='bbox 1190 593 1378 648; x_wconf 77' lang='grc' dir='ltr'><strong><em>ἐτρέψατο</em></strong></span> <span class='ocrx_word' id='word_1_50' title='bbox 1409 593 1502 642; x_wconf 86' lang='grc' dir='ltr'><strong><em>τοὺς</em></strong></span> <span class='ocrx_word' id='word_1_51' title='bbox 1531 592 1647 634; x_wconf 78' lang='grc' dir='ltr'><strong><em>ἐναν-</em></strong></span> 
     </span>
     <span class='ocr_line' id='line_1_7' title="bbox 291 655 1647 717; baseline -0.007 -10"><span class='ocrx_word' id='word_1_52' title='bbox 291 667 412 715; x_wconf 88' lang='grc' dir='ltr'><strong><em>τίους.</em></strong></span> <span class='ocrx_word' id='word_1_53' title='bbox 444 665 482 706; x_wconf 84' lang='grc' dir='ltr'><strong><em>εἰ</em></strong></span> <span class='ocrx_word' id='word_1_54' title='bbox 505 664 547 706; x_wconf 78' lang='grc' dir='ltr'><strong><em>δὲ</em></strong></span> <span class='ocrx_word' id='word_1_55' title='bbox 572 663 638 704; x_wconf 81' lang='grc' dir='ltr'><strong><em>καὶ</em></strong></span> <span class='ocrx_word' id='word_1_56' title='bbox 664 663 933 717; x_wconf 81' lang='grc' dir='ltr'><strong><em>αἰχμαλώτους</em></strong></span> <span class='ocrx_word' id='word_1_57' title='bbox 960 662 1094 712; x_wconf 82' lang='grc' dir='ltr'><strong><em>δείξει,</em></strong></span> <span class='ocrx_word' id='word_1_58' title='bbox 1129 660 1272 713; x_wconf 81' lang='grc' dir='ltr'><strong><em>μείζων</em></strong></span> <span class='ocrx_word' id='word_1_59' title='bbox 1295 659 1402 700; x_wconf 73' lang='grc' dir='ltr'><strong><em>ἔσται</em></strong></span> <span class='ocrx_word' id='word_1_60' title='bbox 1426 655 1520 711; x_wconf 88' lang='grc' dir='ltr'><strong><em>παρ’</em></strong></span> <span class='ocrx_word' id='word_1_61' title='bbox 1549 656 1647 712; x_wconf 78' lang='grc' dir='ltr'><strong><em>ἡμῖν</em></strong></span> 
     </span>
     <span class='ocr_line' id='line_1_8' title="bbox 291 730 586 778; baseline -0.01 -5"><span class='ocrx_word' id='word_1_62' title='bbox 291 738 362 773; x_wconf 83' lang='grc' dir='ltr'><strong><em>τοῦ</em></strong></span> <span class='ocrx_word' id='word_1_63' title='bbox 387 730 586 778; x_wconf 79' lang='grc' dir='ltr'><strong><em>Κλέωνος.</em></strong></span> 
     </span>
    </p>
   </div>
   <div class='ocr_carea' id='block_1_3' title="bbox 220 797 1146 938">
    <p class='ocr_par' dir='ltr' id='par_1_4' title="bbox 220 797 1146 938">
     <span class='ocr_line' id='line_1_9' title="bbox 220 797 1017 853; baseline -0.01 -7"><span class='ocrx_word' id='word_1_64' title='bbox 220 811 269 845; x_wconf 90' lang='lat' dir='ltr'>W</span> <span class='ocrx_word' id='word_1_65' title='bbox 296 814 364 846; x_wconf 77' lang='lat'><strong><em>570</em></strong></span> <span class='ocrx_word' id='word_1_66' title='bbox 923 797 1017 853; x_wconf 79' lang='grc' dir='ltr'><strong><em>χ·νς’.</em></strong></span> 
     </span>
     <span class='ocr_line' id='line_1_10' title="bbox 790 883 1146 938; baseline 0.008 -15"><span class='ocrx_word' id='word_1_67' title='bbox 790 883 1007 938; x_wconf 82' lang='grc' dir='ltr'><strong><em>Μαξίμῳ.</em></strong></span> <span class='ocrx_word' id='word_1_68' title='bbox 1040 891 1146 934; x_wconf 85' lang='grc'><strong><em>(361)</em></strong></span> 
     </span>
    </p>
   </div>
   <div class='ocr_carea' id='block_1_4' title="bbox 242 961 1666 1806">
    <p class='ocr_par' dir='ltr' id='par_1_5' title="bbox 242 961 1666 1806">
     <span class='ocr_line' id='line_1_11' title="bbox 242 961 1649 1025; baseline -0.007 -14"><span class='ocrx_word' id='word_1_69' title='bbox 242 986 276 1012; x_wconf 87' lang='grc' dir='ltr'><strong><em>ιο</em></strong></span> <span class='ocrx_word' id='word_1_70' title='bbox 357 973 394 1011; x_wconf 92' lang='grc'><strong><em>1.</em></strong></span> <span class='ocrx_word' id='word_1_71' title='bbox 423 971 480 1025; x_wconf 77' lang='grc' dir='ltr'><strong><em>Τῇ</em></strong></span> <span class='ocrx_word' id='word_1_72' title='bbox 506 968 605 1022; x_wconf 88' lang='grc' dir='ltr'><strong><em>πρὸς</em></strong></span> <span class='ocrx_word' id='word_1_73' title='bbox 632 966 847 1021; x_wconf 83' lang='grc' dir='ltr'><strong><em>Καρτέριον</em></strong></span> <span class='ocrx_word' id='word_1_74' title='bbox 873 965 970 1023; x_wconf 80' lang='grc' dir='ltr'><strong><em>ὀργῇ</em></strong></span> <span class='ocrx_word' id='word_1_75' title='bbox 997 966 1187 1014; x_wconf 85' lang='grc' dir='ltr'><strong><em>Μούσαις</em></strong></span> <span class='ocrx_word' id='word_1_76' title='bbox 1211 979 1249 1006; x_wconf 90' lang='grc' dir='ltr'><strong><em>τε</em></strong></span> <span class='ocrx_word' id='word_1_77' title='bbox 1274 963 1341 1005; x_wconf 81' lang='grc' dir='ltr'><strong><em>καὶ</em></strong></span> <span class='ocrx_word' id='word_1_78' title='bbox 1372 971 1469 1004; x_wconf 84' lang='grc' dir='ltr'><strong><em>πᾶσι</em></strong></span> <span class='ocrx_word' id='word_1_79' title='bbox 1502 961 1649 1015; x_wconf 85' lang='grc' dir='ltr'><strong><em>λογίοις</em></strong></span> 
     </span>
     <span class='ocr_line' id='line_1_12' title="bbox 295 1024 1649 1090; baseline -0.007 -15"><span class='ocrx_word' id='word_1_80' title='bbox 295 1037 408 1083; x_wconf 81' lang='grc' dir='ltr'><strong><em>θεοῖς</em></strong></span> <span class='ocrx_word' id='word_1_81' title='bbox 432 1031 604 1089; x_wconf 76' lang='grc' dir='ltr'><strong><em>ἔπραξας</em></strong></span> <span class='ocrx_word' id='word_1_82' title='bbox 629 1031 900 1090; x_wconf 64' lang='grc' dir='ltr'><strong><em>κεχαρισμένα,</em></strong></span> <span class='ocrx_word' id='word_1_83' title='bbox 925 1030 996 1080; x_wconf 77' lang='grc' dir='ltr'><strong><em>οὓς</em></strong></span> <span class='ocrx_word' id='word_1_84' title='bbox 1025 1030 1175 1079; x_wconf 77' lang='grc' dir='ltr'><strong><em>ἐκεῖνος</em></strong></span> <span class='ocrx_word' id='word_1_85' title='bbox 1199 1028 1315 1082; x_wconf 75' lang='grc' dir='ltr'><strong><em>ἀφεὶς</em></strong></span> <span class='ocrx_word' id='word_1_86' title='bbox 1340 1027 1406 1069; x_wconf 85' lang='grc' dir='ltr'><strong><em>καὶ</em></strong></span> <span class='ocrx_word' id='word_1_87' title='bbox 1431 1033 1552 1068; x_wconf 84' lang='grc' dir='ltr'><strong><em>ταῦτα</em></strong></span> <span class='ocrx_word' id='word_1_88' title='bbox 1576 1024 1649 1067; x_wconf 80' lang='grc' dir='ltr'><strong><em>αὗ-</em></strong></span> 
     </span>
     <span class='ocr_line' id='line_1_13' title="bbox 294 1089 1666 1153; baseline -0.007 -12"><span class='ocrx_word' id='word_1_89' title='bbox 294 1106 374 1140; x_wconf 85' lang='grc' dir='ltr'><strong><em>τῶν</em></strong></span> <span class='ocrx_word' id='word_1_90' title='bbox 398 1098 527 1153; x_wconf 83' lang='grc' dir='ltr'><strong><em>τυχὼν</em></strong></span> <span class='ocrx_word' id='word_1_91' title='bbox 553 1099 653 1140; x_wconf 83' lang='grc' dir='ltr'><strong><em>ὅπλα</em></strong></span> <span class='ocrx_word' id='word_1_92' title='bbox 677 1113 716 1139; x_wconf 89' lang='grc' dir='ltr'><strong><em>τε</em></strong></span> <span class='ocrx_word' id='word_1_93' title='bbox 750 1097 919 1150; x_wconf 74' lang='grc' dir='ltr'><strong><em>ἐώνηται</em></strong></span> <span class='ocrx_word' id='word_1_94' title='bbox 951 1095 1018 1138; x_wconf 82' lang='grc' dir='ltr'><strong><em>καὶ</em></strong></span> <span class='ocrx_word' id='word_1_95' title='bbox 1043 1096 1111 1137; x_wconf 89' lang='grc' dir='ltr'><strong><em>τὸν</em></strong></span> <span class='ocrx_word' id='word_1_96' title='bbox 1126 1093 1226 1150; x_wconf 65' lang='lat' dir='ltr'><strong><em>”Aen</em></strong></span> <span class='ocrx_word' id='word_1_97' title='bbox 1252 1093 1466 1150; x_wconf 76' lang='grc' dir='ltr'><strong><em>θεραπεύει</em></strong></span> <span class='ocrx_word' id='word_1_98' title='bbox 1495 1090 1562 1133; x_wconf 73' lang='grc' dir='ltr'><strong><em>καὶ</em></strong></span> <span class='ocrx_word' id='word_1_99' title='bbox 1585 1089 1666 1147; x_wconf 22' lang='lat'><strong><em>75--</em></strong></span> 
     </span>
     <span class='ocr_line' id='line_1_14' title="bbox 294 1155 1650 1219; baseline -0.007 -13"><span class='ocrx_word' id='word_1_100' title='bbox 294 1179 412 1218; x_wconf 87' lang='grc' dir='ltr'><strong><em>γονεν</em></strong></span> <span class='ocrx_word' id='word_1_101' title='bbox 435 1160 526 1205; x_wconf 77' lang='grc' dir='ltr'><strong><em>ἀντὶ</em></strong></span> <span class='ocrx_word' id='word_1_102' title='bbox 550 1164 718 1219; x_wconf 78' lang='grc' dir='ltr'><strong><em>ῥήτορος</em></strong></span> <span class='ocrx_word' id='word_1_103' title='bbox 751 1162 997 1216; x_wconf 83' lang='grc' dir='ltr'><strong><em>στρατιώτης.</em></strong></span> <span class='ocrx_word' id='word_1_104' title='bbox 1037 1164 1075 1202; x_wconf 83' lang='grc'><strong><em>2.</em></strong></span> <span class='ocrx_word' id='word_1_105' title='bbox 1100 1156 1201 1212; x_wconf 85' lang='grc' dir='ltr'><strong><em>ἀλλ’,</em></strong></span> <span class='ocrx_word' id='word_1_106' title='bbox 1225 1155 1256 1201; x_wconf 81' lang='grc' dir='ltr'>ὦ</span> <span class='ocrx_word' id='word_1_107' title='bbox 1282 1160 1468 1213; x_wconf 84' lang='grc' dir='ltr'><strong><em>μακάριε,</em></strong></span> <span class='ocrx_word' id='word_1_108' title='bbox 1500 1155 1650 1210; x_wconf 83' lang='grc' dir='ltr'><strong><em>βλέψας</em></strong></span> 
     </span>
     <span class='ocr_line' id='line_1_15' title="bbox 294 1218 1651 1284; baseline -0.004 -14"><span class='ocrx_word' id='word_1_109' title='bbox 294 1230 395 1284; x_wconf 87' lang='grc' dir='ltr'><strong><em>πρὸς</em></strong></span> <span class='ocrx_word' id='word_1_110' title='bbox 419 1228 488 1270; x_wconf 88' lang='grc' dir='ltr'><strong><em>τὸν</em></strong></span> <span class='ocrx_word' id='word_1_111' title='bbox 511 1229 687 1284; x_wconf 87' lang='grc' dir='ltr'><strong><em>παρόντα</em></strong></span> <span class='ocrx_word' id='word_1_112' title='bbox 706 1228 859 1282; x_wconf 84' lang='grc' dir='ltr'><strong><em>καιρόν,</em></strong></span> <span class='ocrx_word' id='word_1_113' title='bbox 883 1226 927 1277; x_wconf 81' lang='grc' dir='ltr'><strong><em>ὃς</em></strong></span> <span class='ocrx_word' id='word_1_114' title='bbox 951 1226 998 1268; x_wconf 82' lang='grc' dir='ltr'><strong><em>τὰ</em></strong></span> <span class='ocrx_word' id='word_1_115' title='bbox 1023 1226 1094 1278; x_wconf 79' lang='grc' dir='ltr'><strong><em>μὲν</em></strong></span> <span class='ocrx_word' id='word_1_116' title='bbox 1124 1226 1285 1268; x_wconf 79' lang='grc' dir='ltr'><strong><em>ἐκείνων</em></strong></span> <span class='ocrx_word' id='word_1_117' title='bbox 1309 1220 1393 1279; x_wconf 80' lang='grc' dir='ltr'><strong><em>ἦρε,</em></strong></span> <span class='ocrx_word' id='word_1_118' title='bbox 1417 1223 1464 1265; x_wconf 82' lang='grc' dir='ltr'><strong><em>τὰ</em></strong></span> <span class='ocrx_word' id='word_1_119' title='bbox 1489 1218 1527 1264; x_wconf 84' lang='grc' dir='ltr'><strong><em>δ’</em></strong></span> <span class='ocrx_word' id='word_1_120' title='bbox 1555 1220 1651 1275; x_wconf 80' lang='grc' dir='ltr'><strong><em>ἡμέ-</em></strong></span> 
     </span>
     <span class='ocr_line' id='line_1_16' title="bbox 243 1287 1652 1348; baseline -0.006 -11"><span class='ocrx_word' id='word_1_121' title='bbox 243 1311 277 1339; x_wconf 74' lang='grc' dir='ltr'><strong><em>ιε</em></strong></span> <span class='ocrx_word' id='word_1_122' title='bbox 296 1310 386 1348; x_wconf 82' lang='grc' dir='ltr'><strong><em>τερα</em></strong></span> <span class='ocrx_word' id='word_1_123' title='bbox 418 1298 598 1342; x_wconf 86' lang='grc' dir='ltr'><strong><em>καθεῖλε,</em></strong></span> <span class='ocrx_word' id='word_1_124' title='bbox 622 1317 669 1323; x_wconf 90' lang='grc'><strong>-</strong></span> <span class='ocrx_word' id='word_1_125' title='bbox 699 1294 857 1342; x_wconf 85' lang='grc' dir='ltr'><strong><em>πάντως</em></strong></span> <span class='ocrx_word' id='word_1_126' title='bbox 887 1292 930 1335; x_wconf 80' lang='grc' dir='ltr'><strong><em>δὲ</em></strong></span> <span class='ocrx_word' id='word_1_127' title='bbox 964 1291 1042 1333; x_wconf 78' lang='grc' dir='ltr'><strong><em>ἀπὸ</em></strong></span> <span class='ocrx_word' id='word_1_128' title='bbox 1073 1298 1153 1332; x_wconf 81' lang='grc' dir='ltr'><strong><em>τῶν</em></strong></span> <span class='ocrx_word' id='word_1_129' title='bbox 1183 1298 1264 1332; x_wconf 83' lang='grc' dir='ltr'><strong><em>σῶν</em></strong></span> <span class='ocrx_word' id='word_1_130' title='bbox 1293 1291 1421 1340; x_wconf 80' lang='grc' dir='ltr'><strong><em>εὐθὺς</em></strong></span> <span class='ocrx_word' id='word_1_131' title='bbox 1451 1287 1476 1342; x_wconf 79' lang='grc' dir='ltr'><em>ἡ</em></span> <span class='ocrx_word' id='word_1_132' title='bbox 1508 1288 1652 1340; x_wconf 82' lang='grc' dir='ltr'><strong><em>πίστις,</em></strong></span> 
     </span>
     <span class='ocr_line' id='line_1_17' title="bbox 295 1353 1650 1414; baseline -0.007 -12"><span class='ocrx_word' id='word_1_133' title='bbox 295 1360 517 1414; x_wconf 83' lang='grc' dir='ltr'><strong><em>προσθείην</em></strong></span> <span class='ocrx_word' id='word_1_134' title='bbox 543 1356 581 1401; x_wconf 84' lang='grc' dir='ltr'><strong><em>δ’</em></strong></span> <span class='ocrx_word' id='word_1_135' title='bbox 609 1358 660 1400; x_wconf 73' lang='grc' dir='ltr'><strong><em>ἂν</em></strong></span> <span class='ocrx_word' id='word_1_136' title='bbox 686 1359 746 1400; x_wconf 81' lang='grc' dir='ltr'><strong><em>ὅτι</em></strong></span> <span class='ocrx_word' id='word_1_137' title='bbox 769 1357 836 1400; x_wconf 83' lang='grc' dir='ltr'><strong><em>καὶ</em></strong></span> <span class='ocrx_word' id='word_1_138' title='bbox 859 1357 979 1412; x_wconf 80' lang='grc' dir='ltr'><strong><em>ἐμῶν,</em></strong></span> <span class='ocrx_word' id='word_1_139' title='bbox 1005 1359 1045 1399; x_wconf 78' lang='grc' dir='ltr'><strong><em>οἳ</em></strong></span> <span class='ocrx_word' id='word_1_140' title='bbox 1068 1360 1198 1413; x_wconf 79' lang='grc' dir='ltr'><strong><em>πολλῷ</em></strong></span> <span class='ocrx_word' id='word_1_141' title='bbox 1219 1357 1374 1411; x_wconf 86' lang='grc' dir='ltr'><strong><em>χείρους</em></strong></span> <span class='ocrx_word' id='word_1_142' title='bbox 1400 1353 1515 1408; x_wconf 78' lang='grc' dir='ltr'><strong><em>ἡμῶν</em></strong></span> <span class='ocrx_word' id='word_1_143' title='bbox 1539 1353 1650 1395; x_wconf 73' lang='grc' dir='ltr'><strong><em>ἐπαι-</em></strong></span> 
     </span>
     <span class='ocr_line' id='line_1_18' title="bbox 297 1418 1652 1480; baseline -0.005 -14"><span class='ocrx_word' id='word_1_144' title='bbox 297 1430 383 1467; x_wconf 88' lang='grc' dir='ltr'><strong><em>νεῖν</em></strong></span> <span class='ocrx_word' id='word_1_145' title='bbox 407 1424 693 1480; x_wconf 79' lang='grc' dir='ltr'><strong><em>ἠναγκάσμεθα</em></strong></span> <span class='ocrx_word' id='word_1_146' title='bbox 719 1424 965 1477; x_wconf 88' lang='grc' dir='ltr'><strong><em>φοβούμενοι</em></strong></span> <span class='ocrx_word' id='word_1_147' title='bbox 989 1422 1083 1476; x_wconf 82' lang='grc' dir='ltr'><strong><em>μετὰ</em></strong></span> <span class='ocrx_word' id='word_1_148' title='bbox 1107 1429 1177 1476; x_wconf 83' lang='grc' dir='ltr'><strong><em>τῆς</em></strong></span> <span class='ocrx_word' id='word_1_149' title='bbox 1196 1423 1402 1475; x_wconf 81' lang='grc' dir='ltr'><strong><em>δυνάμεως</em></strong></span> <span class='ocrx_word' id='word_1_150' title='bbox 1421 1420 1553 1462; x_wconf 82' lang='grc' dir='ltr'><strong><em>αὐτῶν</em></strong></span> <span class='ocrx_word' id='word_1_151' title='bbox 1578 1418 1652 1470; x_wconf 84' lang='grc' dir='ltr'><strong><em>τὴν</em></strong></span> 
     </span>
     <span class='ocr_line' id='line_1_19' title="bbox 296 1487 1651 1543; baseline -0.005 -11"><span class='ocrx_word' id='word_1_152' title='bbox 296 1490 439 1532; x_wconf 72' lang='grc' dir='ltr'><strong><em>ἄνοιαν</em></strong></span> <span class='ocrx_word' id='word_1_153' title='bbox 458 1513 505 1520; x_wconf 95' lang='grc'>-</span> <span class='ocrx_word' id='word_1_154' title='bbox 531 1490 595 1531; x_wconf 80' lang='grc' dir='ltr'><strong><em>διὰ</em></strong></span> <span class='ocrx_word' id='word_1_155' title='bbox 622 1490 672 1543; x_wconf 87' lang='grc' dir='ltr'><strong><em>δὴ</em></strong></span> <span class='ocrx_word' id='word_1_156' title='bbox 710 1496 833 1530; x_wconf 83' lang='grc' dir='ltr'><strong><em>ταῦτα</em></strong></span> <span class='ocrx_word' id='word_1_157' title='bbox 863 1489 1028 1542; x_wconf 77' lang='grc' dir='ltr'><strong><em>νομίσας</em></strong></span> <span class='ocrx_word' id='word_1_158' title='bbox 1052 1487 1274 1543; x_wconf 81' lang='grc' dir='ltr'><strong><em>Καρτέριον</em></strong></span> <span class='ocrx_word' id='word_1_159' title='bbox 1304 1487 1408 1536; x_wconf 88' lang='grc' dir='ltr'><strong><em>εἰκός</em></strong></span> <span class='ocrx_word' id='word_1_160' title='bbox 1439 1502 1476 1526; x_wconf 91' lang='grc' dir='ltr'><strong><em>τι</em></strong></span> <span class='ocrx_word' id='word_1_161' title='bbox 1505 1499 1651 1526; x_wconf 83' lang='grc' dir='ltr'><strong><em>πεπον-</em></strong></span> 
     </span>
     <span class='ocr_line' id='line_1_20' title="bbox 297 1549 1651 1612; baseline -0.005 -15"><span class='ocrx_word' id='word_1_162' title='bbox 297 1555 417 1597; x_wconf 82' lang='grc' dir='ltr'><strong><em>θέναι</em></strong></span> <span class='ocrx_word' id='word_1_163' title='bbox 440 1557 540 1610; x_wconf 88' lang='grc' dir='ltr'><strong><em>πρὸς</em></strong></span> <span class='ocrx_word' id='word_1_164' title='bbox 563 1556 607 1597; x_wconf 85' lang='grc' dir='ltr'><strong><em>τὸ</em></strong></span> <span class='ocrx_word' id='word_1_165' title='bbox 626 1558 854 1597; x_wconf 80' lang='grc' dir='ltr'><strong><em>λυσιτελοῦν</em></strong></span> <span class='ocrx_word' id='word_1_166' title='bbox 872 1554 1120 1608; x_wconf 84' lang='grc' dir='ltr'><strong><em>κεχωρηκότα</em></strong></span> <span class='ocrx_word' id='word_1_167' title='bbox 1137 1558 1190 1612; x_wconf 79' lang='grc' dir='ltr'><strong><em>τῷ</em></strong></span> <span class='ocrx_word' id='word_1_168' title='bbox 1207 1552 1280 1606; x_wconf 82' lang='grc' dir='ltr'><strong><em>μὲν</em></strong></span> <span class='ocrx_word' id='word_1_169' title='bbox 1297 1551 1539 1607; x_wconf 82' lang='grc' dir='ltr'><strong><em>παρελθόντι</em></strong></span> <span class='ocrx_word' id='word_1_170' title='bbox 1562 1549 1651 1604; x_wconf 85' lang='grc' dir='ltr'><strong><em>χρό-</em></strong></span> 
     </span>
     <span class='ocr_line' id='line_1_21' title="bbox 245 1616 1653 1679; baseline -0.006 -15"><span class='ocrx_word' id='word_1_171' title='bbox 245 1639 279 1664; x_wconf 76' lang='lat' dir='ltr'><strong><em>so</em></strong></span> <span class='ocrx_word' id='word_1_172' title='bbox 298 1638 355 1679; x_wconf 81' lang='grc' dir='ltr'><strong><em>νῳ</em></strong></span> <span class='ocrx_word' id='word_1_173' title='bbox 379 1621 453 1675; x_wconf 81' lang='grc' dir='ltr'><strong><em>τήν</em></strong></span> <span class='ocrx_word' id='word_1_174' title='bbox 476 1622 534 1670; x_wconf 81' lang='grc' dir='ltr'><strong><em>εἰς</em></strong></span> <span class='ocrx_word' id='word_1_175' title='bbox 558 1621 628 1663; x_wconf 85' lang='grc' dir='ltr'><strong><em>τὸν</em></strong></span> <span class='ocrx_word' id='word_1_176' title='bbox 647 1616 801 1676; x_wconf 80' lang='grc' dir='ltr'><strong><em>Ἑρμῆν</em></strong></span> <span class='ocrx_word' id='word_1_177' title='bbox 820 1619 955 1673; x_wconf 79' lang='grc' dir='ltr'><strong><em>ὅρισον</em></strong></span> <span class='ocrx_word' id='word_1_178' title='bbox 978 1620 1103 1673; x_wconf 88' lang='grc' dir='ltr'><strong><em>χάριν,</em></strong></span> <span class='ocrx_word' id='word_1_179' title='bbox 1128 1617 1175 1659; x_wconf 82' lang='grc' dir='ltr'><strong><em>τὰ</em></strong></span> <span class='ocrx_word' id='word_1_180' title='bbox 1197 1617 1314 1659; x_wconf 81' lang='grc' dir='ltr'><strong><em>λοιπὰ</em></strong></span> <span class='ocrx_word' id='word_1_181' title='bbox 1334 1616 1375 1658; x_wconf 77' lang='grc' dir='ltr'><strong><em>δὲ</em></strong></span> <span class='ocrx_word' id='word_1_182' title='bbox 1394 1617 1491 1658; x_wconf 78' lang='grc' dir='ltr'><strong><em>ἔστω</em></strong></span> <span class='ocrx_word' id='word_1_183' title='bbox 1510 1618 1653 1667; x_wconf 85' lang='grc' dir='ltr'><strong><em>φιλαν-</em></strong></span> 
     </span>
     <span class='ocr_line' id='line_1_22' title="bbox 299 1680 1653 1741; baseline -0.005 -14"><span class='ocrx_word' id='word_1_184' title='bbox 299 1687 532 1741; x_wconf 83' lang='grc' dir='ltr'><strong><em>θρωπότερα</em></strong></span> <span class='ocrx_word' id='word_1_185' title='bbox 569 1689 716 1738; x_wconf 84' lang='grc' dir='ltr'><strong><em>μᾶλλον</em></strong></span> <span class='ocrx_word' id='word_1_186' title='bbox 746 1683 774 1739; x_wconf 76' lang='grc' dir='ltr'><strong>ἢ</strong></span> <span class='ocrx_word' id='word_1_187' title='bbox 805 1684 1077 1739; x_wconf 82' lang='grc' dir='ltr'><strong><em>ἀκριβέστερα,</em></strong></span> <span class='ocrx_word' id='word_1_188' title='bbox 1115 1684 1223 1733; x_wconf 81' lang='grc' dir='ltr'><strong><em>ὅπως</em></strong></span> <span class='ocrx_word' id='word_1_189' title='bbox 1258 1682 1325 1724; x_wconf 83' lang='grc' dir='ltr'><strong><em>καὶ</em></strong></span> <span class='ocrx_word' id='word_1_190' title='bbox 1355 1682 1474 1731; x_wconf 76' lang='grc' dir='ltr'><strong><em>αὐτὸς</em></strong></span> <span class='ocrx_word' id='word_1_191' title='bbox 1503 1680 1653 1722; x_wconf 80' lang='grc' dir='ltr'><strong><em>ἀπολυ-</em></strong></span> 
     </span>
     <span class='ocr_line' id='line_1_23' title="bbox 298 1744 1654 1806; baseline -0.004 -13"><span class='ocrx_word' id='word_1_192' title='bbox 298 1753 419 1805; x_wconf 83' lang='grc' dir='ltr'><strong><em>θείην</em></strong></span> <span class='ocrx_word' id='word_1_193' title='bbox 442 1753 579 1800; x_wconf 82' lang='grc' dir='ltr'><strong><em>αἰτίας.</em></strong></span> <span class='ocrx_word' id='word_1_194' title='bbox 605 1751 654 1793; x_wconf 75' lang='grc' dir='ltr'><strong><em>οὗ</em></strong></span> <span class='ocrx_word' id='word_1_195' title='bbox 679 1750 754 1806; x_wconf 83' lang='grc' dir='ltr'><strong><em>γὰρ</em></strong></span> <span class='ocrx_word' id='word_1_196' title='bbox 785 1750 834 1792; x_wconf 85' lang='grc' dir='ltr'><strong><em>σὺ</em></strong></span> <span class='ocrx_word' id='word_1_197' title='bbox 868 1751 998 1799; x_wconf 80' lang='grc' dir='ltr'><strong><em>δοκεῖς</em></strong></span> <span class='ocrx_word' id='word_1_198' title='bbox 1030 1748 1276 1802; x_wconf 85' lang='grc' dir='ltr'><strong><em>ἀμνημονεῖν</em></strong></span> <span class='ocrx_word' id='word_1_199' title='bbox 1306 1754 1385 1789; x_wconf 82' lang='grc' dir='ltr'><strong><em>τῶν</em></strong></span> <span class='ocrx_word' id='word_1_200' title='bbox 1420 1746 1519 1801; x_wconf 88' lang='grc' dir='ltr'><strong><em>πρὸς</em></strong></span> <span class='ocrx_word' id='word_1_201' title='bbox 1550 1744 1654 1799; x_wconf 78' lang='grc' dir='ltr'><strong><em>ἡμᾶς</em></strong></span> 
     </span>
    </p>
   </div>
   <div class='ocr_carea' id='block_1_5' title="bbox 296 1833 582 1840">
    <p class='ocr_par' dir='ltr' id='par_1_6' title="bbox 296 1833 582 1840">
     <span class='ocr_line' id='line_1_24' title="bbox 296 1833 582 1840; baseline 0 0"><span class='ocrx_word' id='word_1_202' title='bbox 296 1833 582 1840; x_wconf 95' lang='lat' dir='ltr'><strong><em> </em></strong></span> 
     </span>
    </p>
   </div>
   <div class='ocr_carea' id='block_1_6' title="bbox 372 1861 1584 1913">
    <p class='ocr_par' dir='ltr' id='par_1_7' title="bbox 372 1861 1584 1913">
     <span class='ocr_line' id='line_1_25' title="bbox 372 1861 1584 1913; baseline -0.004 -10"><span class='ocrx_word' id='word_1_203' title='bbox 372 1871 392 1903; x_wconf 86' lang='grc'>8</span> <span class='ocrx_word' id='word_1_204' title='bbox 428 1868 493 1903; x_wconf 77' lang='lat' dir='ltr'><strong><em>Vn</em></strong></span> <span class='ocrx_word' id='word_1_205' title='bbox 514 1867 560 1913; x_wconf 81' lang='grc' dir='ltr'><strong><em>β’,</em></strong></span> <span class='ocrx_word' id='word_1_206' title='bbox 586 1864 656 1902; x_wconf 78' lang='grc' dir='ltr'><strong><em>νδ’.</em></strong></span> <span class='ocrx_word' id='word_1_207' title='bbox 687 1866 747 1902; x_wconf 81' lang='lat' dir='ltr'><strong><em>Va</em></strong></span> <span class='ocrx_word' id='word_1_208' title='bbox 770 1864 812 1910; x_wconf 65' lang='grc' dir='ltr'><strong><em>ζ’,</em></strong></span> <span class='ocrx_word' id='word_1_209' title='bbox 837 1865 908 1913; x_wconf 81' lang='grc' dir='ltr'><strong><em>μβ’.</em></strong></span> <span class='ocrx_word' id='word_1_210' title='bbox 942 1866 995 1901; x_wconf 90' lang='lat' dir='ltr'><strong><em>Vo</em></strong></span> <span class='ocrx_word' id='word_1_211' title='bbox 1014 1863 1085 1910; x_wconf 75' lang='grc' dir='ltr'><strong><em>(ζ’),</em></strong></span> <span class='ocrx_word' id='word_1_212' title='bbox 1110 1862 1182 1912; x_wconf 84' lang='grc' dir='ltr'><strong><em>μβ’.</em></strong></span> <span class='ocrx_word' id='word_1_213' title='bbox 1211 1864 1290 1900; x_wconf 79' lang='lat' dir='ltr'><strong><em>Mo.</em></strong></span> <span class='ocrx_word' id='word_1_214' title='bbox 1314 1863 1355 1899; x_wconf 90' lang='lat' dir='ltr'><em>D</em></span> <span class='ocrx_word' id='word_1_215' title='bbox 1381 1861 1477 1907; x_wconf 72' lang='grc' dir='ltr'><strong><em>ρνόί.</em></strong></span> <span class='ocrx_word' id='word_1_216' title='bbox 1508 1862 1584 1899; x_wconf 81' lang='lat' dir='ltr'><strong><em>Ath</em></strong></span> 
     </span>
    </p>
   </div>
   <div class='ocr_carea' id='block_1_7' title="bbox 299 1939 585 1948">
    <p class='ocr_par' dir='ltr' id='par_1_8' title="bbox 299 1939 585 1948">
     <span class='ocr_line' id='line_1_26' title="bbox 299 1939 585 1948; baseline 0 1016"><span class='ocrx_word' id='word_1_217' title='bbox 299 1939 585 1948; x_wconf 95' lang='lat' dir='ltr'><strong><em> </em></strong></span> 
     </span>
    </p>
   </div>
   <div class='ocr_carea' id='block_1_8' title="bbox 301 1972 1655 2111">
    <p class='ocr_par' dir='ltr' id='par_1_9' title="bbox 301 1972 1655 2111">
     <span class='ocr_line' id='line_1_27' title="bbox 373 1972 1654 2024; baseline -0.006 -8"><span class='ocrx_word' id='word_1_218' title='bbox 373 1984 392 2015; x_wconf 81' lang='grc'><strong>7</strong></span> <span class='ocrx_word' id='word_1_219' title='bbox 418 1979 534 2016; x_wconf 78' lang='lat' dir='ltr'>Thuo.</span> <span class='ocrx_word' id='word_1_220' title='bbox 554 1978 606 2014; x_wconf 88' lang='lat' dir='ltr'><strong><em>IV</em></strong></span> <span class='ocrx_word' id='word_1_221' title='bbox 626 1981 733 2024; x_wconf 78' lang='lat' dir='ltr'>88sq.</span> <span class='ocrx_word' id='word_1_222' title='bbox 766 1977 881 2014; x_wconf 74' lang='lat' dir='ltr'><strong>Arist.</strong></span> <span class='ocrx_word' id='word_1_223' title='bbox 907 1988 966 2023; x_wconf 80' lang='lat' dir='ltr'><strong><em>eq.</em></strong></span> <span class='ocrx_word' id='word_1_224' title='bbox 986 1980 1068 2012; x_wconf 74' lang='lat'><strong>575.</strong></span> <span class='ocrx_word' id='word_1_225' title='bbox 1089 1980 1168 2013; x_wconf 81' lang='grc'><strong><em>766.</em></strong></span> <span class='ocrx_word' id='word_1_226' title='bbox 1189 1979 1270 2013; x_wconf 76' lang='lat'>281.</span> <span class='ocrx_word' id='word_1_227' title='bbox 1300 1979 1381 2012; x_wconf 76' lang='lat'><strong>702.</strong></span> <span class='ocrx_word' id='word_1_228' title='bbox 1411 1974 1518 2011; x_wconf 88' lang='lat' dir='ltr'><strong>Prov.</strong></span> <span class='ocrx_word' id='word_1_229' title='bbox 1544 1972 1654 2011; x_wconf 84' lang='lat' dir='ltr'>Coisl.</span> 
     </span>
     <span class='ocr_line' id='line_1_28' title="bbox 301 2021 1655 2111; baseline -0.004 -48"><span class='ocrx_word' id='word_1_230' title='bbox 301 2031 382 2111; x_wconf 54' lang='lat'><strong><em>3831</em></strong></span> <span class='ocrx_word' id='word_1_231' title='bbox 403 2030 478 2110; x_wconf 70' lang='grc'>3869</span> <span class='ocrx_word' id='word_1_232' title='bbox 509 2026 654 2062; x_wconf 78' lang='lat' dir='ltr'>Sievers</span> <span class='ocrx_word' id='word_1_233' title='bbox 688 2029 756 2062; x_wconf 75' lang='lat'><strong><em>147</em></strong></span> <span class='ocrx_word' id='word_1_234' title='bbox 788 2027 864 2061; x_wconf 61' lang='lat' dir='ltr'><strong><em>noh</em></strong></span> <span class='ocrx_word' id='word_1_235' title='bbox 896 2028 941 2061; x_wconf 76' lang='lat'><strong><em>⁶9</em></strong></span> <span class='ocrx_word' id='word_1_236' title='bbox 984 2024 1031 2060; x_wconf 75' lang='lat' dir='ltr'><strong><em>de</em></strong></span> <span class='ocrx_word' id='word_1_237' title='bbox 1070 2035 1168 2060; x_wconf 76' lang='lat' dir='ltr'><strong>anno</strong></span> <span class='ocrx_word' id='word_1_238' title='bbox 1199 2026 1268 2059; x_wconf 75' lang='lat'><strong><em>85⁷</em></strong></span> <span class='ocrx_word' id='word_1_239' title='bbox 1309 2022 1499 2070; x_wconf 50' lang='lat' dir='ltr'>cogitavi&amp;</span> <span class='ocrx_word' id='word_1_240' title='bbox 1538 2021 1655 2058; x_wconf 78' lang='lat' dir='ltr'>Seeck</span> 
     </span>
    </p>
   </div>
   <div class='ocr_carea' id='block_1_9' title="bbox 298 2154 585 2161">
    <p class='ocr_par' dir='ltr' id='par_1_10' title="bbox 298 2154 585 2161">
     <span class='ocr_line' id='line_1_29' title="bbox 298 2154 585 2161; baseline 0 0"><span class='ocrx_word' id='word_1_241' title='bbox 298 2154 585 2161; x_wconf 95' lang='lat' dir='ltr'><strong><em> </em></strong></span> 
     </span>
    </p>
   </div>
   <div class='ocr_carea' id='block_1_10' title="bbox 301 2187 1656 2523">
    <p class='ocr_par' dir='ltr' id='par_1_11' title="bbox 373 2187 1656 2239">
     <span class='ocr_line' id='line_1_30' title="bbox 373 2187 1656 2239; baseline -0.006 -9"><span class='ocrx_word' id='word_1_242' title='bbox 373 2198 394 2230; x_wconf 80' lang='lat'>2</span> <span class='ocrx_word' id='word_1_243' title='bbox 421 2192 444 2238; x_wconf 79' lang='grc' dir='ltr'><strong>ἦ</strong></span> <span class='ocrx_word' id='word_1_244' title='bbox 470 2214 514 2219; x_wconf 90' lang='grc'>-</span> <span class='ocrx_word' id='word_1_245' title='bbox 540 2193 566 2228; x_wconf 78' lang='grc' dir='ltr'><strong><em>ὰ</em></strong></span> <span class='ocrx_word' id='word_1_246' title='bbox 591 2192 711 2230; x_wconf 72' lang='grc' dir='ltr'><strong><em>όντων</em></strong></span> <span class='ocrx_word' id='word_1_247' title='bbox 731 2191 938 2239; x_wconf 71' lang='lat' dir='ltr'><strong>praemis-0</strong></span> <span class='ocrx_word' id='word_1_248' title='bbox 956 2189 1128 2236; x_wconf 72' lang='grc' dir='ltr'><strong><em>κείμενον</em></strong></span> <span class='ocrx_word' id='word_1_249' title='bbox 1151 2190 1191 2226; x_wconf 86' lang='lat' dir='ltr'><strong><em>in</em></strong></span> <span class='ocrx_word' id='word_1_250' title='bbox 1210 2199 1319 2236; x_wconf 73' lang='lat' dir='ltr'><strong>marg</strong></span> <span class='ocrx_word' id='word_1_251' title='bbox 1344 2188 1402 2226; x_wconf 87' lang='lat' dir='ltr'><strong><em>V⁸</em></strong></span> <span class='ocrx_word' id='word_1_252' title='bbox 1462 2199 1523 2224; x_wconf 90' lang='lat' dir='ltr'><strong><em>om</em></strong></span> <span class='ocrx_word' id='word_1_253' title='bbox 1539 2187 1656 2223; x_wconf 82' lang='lat' dir='ltr'><strong><em>VaVo</em></strong></span> 
     </span>
    </p>

    <p class='ocr_par' dir='ltr' id='par_1_12' title="bbox 301 2206 1656 2523">
     <span class='ocr_line' id='line_1_31' title="bbox 356 2206 1656 2291; baseline -0.005 -15"><span class='ocrx_word' id='word_1_254' title='bbox 356 2245 376 2276; x_wconf 84' lang='grc'>3</span> <span class='ocrx_word' id='word_1_255' title='bbox 411 2238 508 2276; x_wconf 77' lang='grc' dir='ltr'><strong><em>ὥσθ’</em></strong></span> <span class='ocrx_word' id='word_1_256' title='bbox 548 2206 605 2276; x_wconf 44' lang='grc' dir='ltr'><strong><em>λι</em></strong></span> <span class='ocrx_word' id='word_1_257' title='bbox 643 2250 702 2291; x_wconf 78' lang='grc' dir='ltr'><strong><em>σοι</em></strong></span> <span class='ocrx_word' id='word_1_258' title='bbox 738 2238 898 2286; x_wconf 78' lang='grc' dir='ltr'><strong><em>πέμπειν</em></strong></span> <span class='ocrx_word' id='word_1_259' title='bbox 936 2237 1054 2285; x_wconf 71' lang='grc' dir='ltr'><strong><em>αὐτὴν</em></strong></span> <span class='ocrx_word' id='word_1_260' title='bbox 1092 2237 1226 2284; x_wconf 71' lang='lat' dir='ltr'><strong>scripsi</strong></span> <span class='ocrx_word' id='word_1_261' title='bbox 1256 2248 1278 2273; x_wconf 75' lang='grc' dir='ltr'><strong><em>ο</em></strong></span> <span class='ocrx_word' id='word_1_262' title='bbox 1310 2238 1343 2274; x_wconf 87' lang='lat' dir='ltr'><strong><em>V</em></strong></span> <span class='ocrx_word' id='word_1_263' title='bbox 1377 2236 1443 2273; x_wconf 73' lang='lat' dir='ltr'><strong><em>sed</em></strong></span> <span class='ocrx_word' id='word_1_264' title='bbox 1473 2236 1513 2271; x_wconf 88' lang='lat' dir='ltr'><strong><em>in</em></strong></span> <span class='ocrx_word' id='word_1_265' title='bbox 1548 2245 1656 2279; x_wconf 76' lang='lat' dir='ltr'><strong>marg</strong></span> 
     </span>
     <span class='ocr_line' id='line_1_32' title="bbox 308 2281 1654 2333; baseline -0.006 -8"><span class='ocrx_word' id='word_1_266' title='bbox 308 2289 375 2333; x_wconf 67' lang='grc' dir='ltr'><strong><em>ω’,</em></strong></span> <span class='ocrx_word' id='word_1_267' title='bbox 417 2289 486 2325; x_wconf 85' lang='grc' dir='ltr'><strong><em>Μο</em></strong></span> <span class='ocrx_word' id='word_1_268' title='bbox 523 2288 590 2324; x_wconf 75' lang='lat' dir='ltr'><strong><em>sod</em></strong></span> <span class='ocrx_word' id='word_1_269' title='bbox 623 2288 664 2323; x_wconf 86' lang='lat' dir='ltr'><strong><em>in</em></strong></span> <span class='ocrx_word' id='word_1_270' title='bbox 697 2294 756 2323; x_wconf 78' lang='lat' dir='ltr'><strong><em>lac</em></strong></span> <span class='ocrx_word' id='word_1_271' title='bbox 793 2289 831 2323; x_wconf 75' lang='lat' dir='ltr'><strong><em>et</em></strong></span> <span class='ocrx_word' id='word_1_272' title='bbox 866 2297 928 2322; x_wconf 86' lang='lat' dir='ltr'><strong><em>om</em></strong></span> <span class='ocrx_word' id='word_1_273' title='bbox 971 2285 1106 2332; x_wconf 80' lang='grc' dir='ltr'><strong><em>αὐτὴν,</em></strong></span> <span class='ocrx_word' id='word_1_274' title='bbox 1145 2285 1221 2322; x_wconf 71' lang='lat' dir='ltr'><strong><em>Ath</em></strong></span> <span class='ocrx_word' id='word_1_275' title='bbox 1266 2295 1327 2320; x_wconf 89' lang='lat' dir='ltr'><strong><em>om</em></strong></span> <span class='ocrx_word' id='word_1_276' title='bbox 1358 2283 1475 2320; x_wconf 66' lang='lat' dir='ltr'><strong><em>VuVo</em></strong></span> <span class='ocrx_word' id='word_1_277' title='bbox 1518 2281 1584 2319; x_wconf 76' lang='lat' dir='ltr'><strong><em>sod</em></strong></span> <span class='ocrx_word' id='word_1_278' title='bbox 1614 2282 1654 2317; x_wconf 81' lang='lat' dir='ltr'><strong><em>in</em></strong></span> 
     </span>
     <span class='ocr_line' id='line_1_33' title="bbox 301 2329 1655 2378; baseline -0.005 -6"><span class='ocrx_word' id='word_1_279' title='bbox 301 2336 374 2372; x_wconf 82' lang='lat' dir='ltr'><strong><em>hoo</em></strong></span> <span class='ocrx_word' id='word_1_280' title='bbox 405 2335 478 2372; x_wconf 76' lang='grc' dir='ltr'><strong><em>εἴτε</em></strong></span> <span class='ocrx_word' id='word_1_281' title='bbox 509 2335 575 2372; x_wconf 78' lang='grc' dir='ltr'><strong><em>καὶ</em></strong></span> <span class='ocrx_word' id='word_1_282' title='bbox 600 2334 718 2376; x_wconf 71' lang='grc' dir='ltr'><strong><em>οὕτως</em></strong></span> <span class='ocrx_word' id='word_1_283' title='bbox 741 2334 842 2370; x_wconf 73' lang='lat' dir='ltr'>inser</span> <span class='ocrx_word' id='word_1_284' title='bbox 871 2334 938 2378; x_wconf 72' lang='lat' dir='ltr'><strong><em>m’,</em></strong></span> <span class='ocrx_word' id='word_1_285' title='bbox 983 2331 1040 2370; x_wconf 78' lang='grc' dir='ltr'><strong><em>ὅτι</em></strong></span> <span class='ocrx_word' id='word_1_286' title='bbox 1073 2331 1203 2370; x_wconf 82' lang='grc' dir='ltr'><strong><em>τοίνυν</em></strong></span> <span class='ocrx_word' id='word_1_287' title='bbox 1236 2331 1344 2368; x_wconf 79' lang='lat' dir='ltr'>Wolf</span> <span class='ocrx_word' id='word_1_288' title='bbox 1372 2333 1378 2377; x_wconf 87' lang='grc' dir='ltr'>Ι</span> <span class='ocrx_word' id='word_1_289' title='bbox 1415 2336 1494 2373; x_wconf 74' lang='grc' dir='ltr'><strong><em>τοῖς</em></strong></span> <span class='ocrx_word' id='word_1_290' title='bbox 1518 2329 1655 2376; x_wconf 80' lang='grc' dir='ltr'><strong><em>φέρου-</em></strong></span> 
     </span>
     <span class='ocr_line' id='line_1_34' title="bbox 302 2379 1655 2429; baseline -0.005 -10"><span class='ocrx_word' id='word_1_291' title='bbox 302 2394 365 2421; x_wconf 82' lang='grc' dir='ltr'><strong><em>σιν</em></strong></span> <span class='ocrx_word' id='word_1_292' title='bbox 388 2385 477 2420; x_wconf 72' lang='lat' dir='ltr'><strong><em>anto</em></strong></span> <span class='ocrx_word' id='word_1_293' title='bbox 502 2382 668 2429; x_wconf 71' lang='grc' dir='ltr'><strong><em>ἐπῆλθεν</em></strong></span> <span class='ocrx_word' id='word_1_294' title='bbox 692 2382 795 2418; x_wconf 78' lang='lat' dir='ltr'>inser</span> <span class='ocrx_word' id='word_1_295' title='bbox 819 2381 891 2419; x_wconf 85' lang='lat' dir='ltr'><strong><em>Vo⁶</em></strong></span> <span class='ocrx_word' id='word_1_296' title='bbox 951 2383 974 2416; x_wconf 81' lang='lat'>4</span> <span class='ocrx_word' id='word_1_297' title='bbox 999 2379 1166 2424; x_wconf 78' lang='grc' dir='ltr'><strong><em>διδάξειε</em></strong></span> <span class='ocrx_word' id='word_1_298' title='bbox 1192 2381 1227 2417; x_wconf 91' lang='lat' dir='ltr'><strong><em>V</em></strong></span> <span class='ocrx_word' id='word_1_299' title='bbox 1246 2379 1312 2416; x_wconf 75' lang='lat' dir='ltr'><strong><em>sed</em></strong></span> <span class='ocrx_word' id='word_1_300' title='bbox 1337 2389 1393 2415; x_wconf 81' lang='grc' dir='ltr'><strong><em>εισ</em></strong></span> <span class='ocrx_word' id='word_1_301' title='bbox 1417 2389 1438 2414; x_wconf 85' lang='lat' dir='ltr'>e</span> <span class='ocrx_word' id='word_1_302' title='bbox 1457 2388 1478 2414; x_wconf 86' lang='grc' dir='ltr'><strong><em>σ</em></strong></span> <span class='ocrx_word' id='word_1_303' title='bbox 1502 2389 1543 2414; x_wconf 81' lang='grc' dir='ltr'><strong><em>εν</em></strong></span> <span class='ocrx_word' id='word_1_304' title='bbox 1563 2387 1655 2420; x_wconf 81' lang='lat' dir='ltr'>corr,</span> 
     </span>
     <span class='ocr_line' id='line_1_35' title="bbox 302 2422 1654 2475; baseline -0.007 -7"><span class='ocrx_word' id='word_1_305' title='bbox 302 2431 468 2475; x_wconf 76' lang='grc' dir='ltr'><strong><em>διδάξειε</em></strong></span> <span class='ocrx_word' id='word_1_306' title='bbox 493 2430 550 2467; x_wconf 79' lang='lat' dir='ltr'><strong><em>Va</em></strong></span> <span class='ocrx_word' id='word_1_307' title='bbox 642 2435 663 2466; x_wconf 87' lang='grc'><strong>6</strong></span> <span class='ocrx_word' id='word_1_308' title='bbox 689 2428 845 2473; x_wconf 76' lang='grc' dir='ltr'><strong><em>δείξειεν</em></strong></span> <span class='ocrx_word' id='word_1_309' title='bbox 871 2429 926 2465; x_wconf 86' lang='lat' dir='ltr'><strong><em>Va</em></strong></span> <span class='ocrx_word' id='word_1_310' title='bbox 937 2429 1013 2465; x_wconf 80' lang='lat' dir='ltr'><strong><em>Ath</em></strong></span> <span class='ocrx_word' id='word_1_311' title='bbox 1055 2425 1188 2472; x_wconf 75' lang='grc' dir='ltr'><strong><em>δείξειε</em></strong></span> <span class='ocrx_word' id='word_1_312' title='bbox 1213 2428 1266 2464; x_wconf 86' lang='lat' dir='ltr'><strong><em>Vo</em></strong></span> <span class='ocrx_word' id='word_1_313' title='bbox 1346 2429 1390 2462; x_wconf 76' lang='lat'><strong><em>14</em></strong></span> <span class='ocrx_word' id='word_1_314' title='bbox 1415 2422 1505 2472; x_wconf 77' lang='grc' dir='ltr'><strong><em>ἦρεν</em></strong></span> <span class='ocrx_word' id='word_1_315' title='bbox 1539 2425 1579 2460; x_wconf 71' lang='lat' dir='ltr'><strong><em>et</em></strong></span> <span class='ocrx_word' id='word_1_316' title='bbox 1610 2427 1654 2459; x_wconf 80' lang='lat'><strong><em>15</em></strong></span> 
     </span>
     <span class='ocr_line' id='line_1_36' title="bbox 305 2473 1405 2523; baseline -0.002 -12"><span class='ocrx_word' id='word_1_317' title='bbox 305 2480 480 2515; x_wconf 74' lang='grc' dir='ltr'><strong><em>καθεῖλεν</em></strong></span> <span class='ocrx_word' id='word_1_318' title='bbox 507 2478 564 2514; x_wconf 81' lang='lat' dir='ltr'><strong><em>Va</em></strong></span> <span class='ocrx_word' id='word_1_319' title='bbox 639 2481 683 2513; x_wconf 89' lang='grc'><strong><em>16</em></strong></span> <span class='ocrx_word' id='word_1_320' title='bbox 708 2477 786 2523; x_wconf 73' lang='grc' dir='ltr'><strong><em>καὶ]</em></strong></span> <span class='ocrx_word' id='word_1_321' title='bbox 813 2473 851 2522; x_wconf 81' lang='grc' dir='ltr'><strong><em>γ’</em></strong></span> <span class='ocrx_word' id='word_1_322' title='bbox 873 2477 942 2513; x_wconf 85' lang='lat' dir='ltr'><strong><em>Mo</em></strong></span> <span class='ocrx_word' id='word_1_323' title='bbox 963 2477 968 2522; x_wconf 94' lang='grc' dir='ltr'>Ι</span> <span class='ocrx_word' id='word_1_324' title='bbox 991 2475 1028 2512; x_wconf 78' lang='grc' dir='ltr'><strong><em>οἳ</em></strong></span> <span class='ocrx_word' id='word_1_325' title='bbox 1059 2476 1106 2512; x_wconf 85' lang='lat' dir='ltr'><strong><em>Vo</em></strong></span> <span class='ocrx_word' id='word_1_326' title='bbox 1131 2473 1218 2511; x_wconf 65' lang='lat' dir='ltr'><strong><em>sed*</em></strong></span> <span class='ocrx_word' id='word_1_327' title='bbox 1247 2473 1323 2510; x_wconf 77' lang='lat' dir='ltr'><strong><em>add</em></strong></span> <span class='ocrx_word' id='word_1_328' title='bbox 1348 2473 1405 2509; x_wconf 79' lang='lat' dir='ltr'><strong><em>m⁵</em></strong></span> 
     </span>
    </p>
   </div>
  </div>
 </body>
</html>
