1806 2964
279 237 365 281 268
874 238 1021 274 LIBAN
1022 238 1056 274 11

279 352 317 389 4.
343 349 466 390 καλὸν
498 348 541 390 δὲ
572 345 686 402 οἶμαί
721 362 794 390 σου
824 350 891 390 καὶ
928 350 971 391 τὸ
1004 350 1073 391 τὸν
1108 351 1318 392 νεανίσκον
1354 348 1644 405 Ἀρισταινέτου

278 413 350 467 μὲν
376 421 560 468 συγγενῆ,
586 415 777 469 χορευτὴν
803 413 846 456 δὲ
865 415 972 467 ἐμόν,
998 415 1258 469 αἰσχύνεσθαι
1279 415 1321 457 δὲ
1340 416 1484 469 εἰδότα,
1510 420 1644 468 φιλεῖν

280 479 323 521 δὲ
357 480 640 532 μεμελετηκότα
677 480 732 533 μὴ
769 481 961 534 περιιδεῖν
997 483 1219 536 πράττοντα
1255 482 1370 536 χείρω
1406 488 1486 522 τῶν
1517 481 1644 524 αὑτοῦ

278 545 483 599 χειρόνων,
503 544 591 585 ἀλλ’
611 546 702 587 εἴσω
721 561 759 586 τε
780 545 972 595 δέξασθαι
989 546 1057 588 καὶ
1076 547 1316 599 μεταδοῦναι
1334 547 1463 601 χώρας
1481 546 1643 601 ἐντίμου

246 625 261 651 5
282 610 349 651 καὶ
374 617 539 663 ποιῆσαι
571 611 755 665 λαμπρὸν
785 616 868 660 τοῖς
897 627 936 652 τε
967 617 1044 652 νῦν
1075 615 1156 660 τοῖς
1186 627 1226 653 τε
1256 611 1535 665 ἐλπιζομένοις.
1575 613 1644 654 καὶ

282 683 405 717 ταῦτα
429 675 481 716 ἂν
508 678 672 734 νομίζῃς
699 677 772 718 οὐκ
797 677 853 726 εἰς
878 677 1048 718 Διάνιον
1073 680 1222 730 μᾶλλον
1246 676 1273 731 ἢ
1303 676 1370 730 ἐμὲ
1401 682 1644 732 πεπρᾶχθαι,

278 741 325 782 τὰ
351 741 447 783 ὄντα
473 742 663 791 δοξάσεις.
698 738 814 791 οὗτος
837 742 914 797 γὰρ
934 742 985 795 δὴ
1005 743 1165 784 πλεῖστά
1185 758 1231 796 με
1251 743 1458 798 εὐφράνας
1477 743 1643 798 ἑταίρων

278 807 474 861 ἐλύπησεν
498 807 648 860 ἥκιστα.

207 923 254 957 w
280 926 351 959 286
909 910 1010 970 omy'.

227 1016 261 1040 ιο
723 1000 996 1055 Δημητρίῳ.
1029 995 1198 1052 (359βθθ)

341 1087 379 1123 1.
396 1080 543 1134 ’Ἄμφω
569 1080 641 1135 μὲν
666 1081 794 1131 ἔδειξα
819 1081 872 1123 τὼ
898 1082 1001 1136 λόγω
1025 1081 1092 1123 καὶ
1118 1082 1194 1123 ὅλω
1219 1097 1263 1136 γε
1293 1080 1415 1135 ἄμφω
1446 1081 1500 1123 τὼ
1525 1083 1645 1138 λόγω,

278 1148 348 1188 τὸν
374 1146 446 1199 μὲν
471 1154 549 1188 νῦν
581 1147 650 1189 τὸν
681 1149 922 1202 μαχόμενον,
953 1147 1022 1188 τὸν
1054 1146 1096 1188 δὲ
1127 1148 1248 1188 πάλαι
1282 1147 1351 1189 τὸν
1384 1147 1642 1190 ἐπαινοῦντα·

279 1213 329 1254 σὺ
356 1212 398 1254 δὲ
423 1209 502 1269 ᾤου
528 1228 575 1265 με
601 1214 785 1254 δείσαντα
808 1217 971 1254 κολοιοῦ
995 1228 1103 1262 τινος
1123 1212 1303 1266 θόρυβον
1322 1209 1502 1270 ᾑρῆσθαι
1527 1220 1644 1268 σιγᾶν

279 1278 346 1319 καὶ
371 1283 613 1333 γεγενῆσθαι
638 1279 765 1320 κακὸν
790 1279 878 1332 περὶ
904 1278 974 1319 τὸν
1005 1278 1178 1331 ἐμαυτοῦ
1202 1282 1331 1319 θεῖον.
1371 1282 1408 1320 2.
1434 1278 1478 1319 τὸ
1503 1277 1546 1320 δὲ
1571 1279 1645 1334 οὐχ

230 1360 263 1387 15
285 1345 411 1392 οὕτως
436 1343 523 1397 ἔχει,
547 1341 633 1384 ἀλλ’
655 1343 681 1384 ἃ
707 1343 778 1397 μὲν
804 1344 880 1385 οὐκ
913 1339 987 1397 εἶχε
1018 1344 1212 1384 κίνδυνον
1242 1344 1298 1392 εἰς
1327 1343 1498 1392 πολλοὺς
1529 1343 1645 1396 ἐκφέ-

279 1425 379 1465 ρειν,
406 1409 450 1450 ἐν
475 1412 637 1458 πολλοῖς
661 1410 827 1464 εἴρηται·
855 1415 926 1449 τοῦ
958 1409 1083 1463 λόγου
1109 1407 1151 1449 δὲ
1177 1406 1204 1461 ἡ
1229 1409 1338 1462 τρίτη
1364 1413 1483 1463 μοῖρα
1513 1410 1645 1462 φίλων

278 1476 402 1517 ἐδεῖτο
442 1482 605 1528 σαφῶν,
638 1474 709 1524 οὓς
747 1473 895 1529 ὀλίγοις
927 1475 1139 1527 δεξάμενος
1169 1478 1252 1523 τοῖς
1288 1475 1460 1528 βάθροις
1489 1476 1646 1524 κλείσας

278 1541 349 1590 τὰς
379 1541 513 1595 θύρας
543 1539 724 1594 ἀνέγνων
759 1541 944 1593 δεόμενος
975 1540 1127 1593 αὐτῶν,
1158 1540 1199 1581 εἴ
1223 1556 1260 1580 τι
1293 1541 1478 1591 φαίνοιτο
1508 1540 1646 1594 καλόν,

280 1614 371 1663 σιγῇ
397 1607 619 1659 θαυμάζειν
646 1604 745 1659 μηδὲ
770 1612 818 1662 τῇ
845 1607 921 1662 βοῇ
947 1606 1120 1654 πολλοὺς
1151 1605 1324 1659 ἐγείρειν.
1368 1604 1435 1646 καὶ
1467 1604 1576 1659 μέχρι
1600 1620 1645 1660 γε

226 1688 262 1715 20
280 1679 351 1713 τοῦ
376 1672 588 1752 παρόντος,
611 1678 826 1726 προσκυνῶ
852 1670 895 1711 δὲ
917 1668 1183 1726 Ἀδράστειαν,
1209 1671 1336 1724 φόβος
1356 1670 1488 1719 οὐδεὶς
1513 1669 1644 1723 ἐξέφυ.

354 1776 548 1820 9V11oe',
574 1774 657 1818 σξί.
698 1774 830 1821 Vas,
862 1774 940 1810 πα’.
980 1773 1101 1820 Voyss
1128 1772 1205 1810 ποί.
1239 1773 1371 1820 811ς’,
1396 1772 1436 1811 ε’.
1476 1773 1644 1819 Wonoe'.

286 1823 388 1859 Vind
412 1822 494 1868 ρνη’

313 1924 318 1932 ·
356 1924 373 1953 1
402 1918 581 1954 Dianium
601 1918 648 1954 cf.
669 1929 726 1964 ep.
754 1921 836 1954 281.
869 1916 987 1953 Seeck
1021 1920 1089 1952 120
1116 1905 1118 1907 ’
1174 1919 1218 1951 ιο
1244 1915 1392 1952 Sievera
1420 1919 1464 1951 79
1489 1917 1566 1952 not.
1587 1919 1646 1952 ει.

282 1966 402 2003 Seeck
425 1970 503 2002 117.
531 1969 613 2001 377.
641 1965 807 2001 Silomon
834 1968 879 2000 4⁷
955 1968 1001 2000 14
1026 1964 1282 2010 Phugmium
1356 1967 1400 1999 17
1428 1963 1522 1999 Plat.
1542 1963 1644 2000 Prot.

280 2026 318 2059 p.
339 2018 408 2050 325
423 2013 453 2048 E
521 2017 567 2048 20
593 2013 640 2050 cf.
661 2014 711 2048 ad
736 2015 766 2049 t.
785 2014 801 2048 l
823 2016 939 2057 1⁶8‚5

355 2114 373 2146 1
403 2108 469 2145 σόν
490 2109 536 2145 Vi
556 2111 563 2156 1
583 2109 626 2145 τὸ
640 2119 702 2144 om
722 2108 878 2145 VVaVo
932 2111 954 2143 3
980 2106 1206 2144 ahtffivlibri
1220 2106 1328 2143 Wolf
1373 2109 1485 2148 ὁτοτς
1498 2107 1532 2152 (1
1545 2105 1645 2153 eiam]

281 2182 348 2250 τῆις
360 2205 389 2242 S
407 2205 414 2252 Ι
435 2217 473 2240 τι
481 2204 549 2251 (2)]
561 2218 582 2239 τ
579 2201 649 2240 ’Vi
698 2207 719 2239 6
733 2204 787 2245 εἰς
800 2204 888 2238 ante
903 2202 966 2250 ἐμέ
984 2203 1081 2239 Vina
1099 2201 1208 2238 Wolf
1241 2155 1646 2247 deleviyquztglgzzogz:

281 2300 312 2337 S
384 2255 642 2346 Ἰγῖιέλλιξξῖιτέαὸ
677 2298 835 2345 μάλιστα
867 2299 913 2335 Vi
953 2300 959 2343 Ι
999 2297 1142 2342 ἑτάρων
1168 2297 1216 2333 Vi
1265 2294 1344 2342 ἑτέρ
1345 2310 1399 2333 ων
1423 2295 1531 2331 Wolf
1551 2294 1646 2331 Ceut

361 2350 384 2382 8
409 2349 474 2383 καὶ
505 2351 590 2383 ante
622 2347 804 2390 mmm
830 2347 876 2383 Vi
969 2349 1012 2380 13
1037 2344 1123 2381 τινὰ
1148 2344 1306 2381 VVaVo
1396 2349 1440 2380 15
1471 2341 1645 2388 ἐκφέρειν

291 2394 390 2431 Vina
414 2395 481 2431 sed
505 2409 528 2429 κ
553 2395 654 2430 inser
705 2398 799 2439 19μ
801 2393 890 2439 ἡδὲ
918 2392 1236 2429 ΥῩαῘῙοΨῩιηά
1262 2391 1315 2427 Re
1363 2395 1410 2427 20
1435 2391 1478 2427 δὲ
1502 2390 1646 2427 inserui

283 2454 305 2479 ο
329 2443 437 2478 libris
481 2453 543 2477 om
557 2441 666 2477 Wolf
682 2443 689 2487 Ι
709 2442 778 2487 τὴν
774 2407 886 2476 “ante
906 2441 1132 2486 ἀδράστειαν
1150 2440 1199 2476 W
1215 2438 1323 2475 Wolf
1367 2438 1490 2475 delevi
1511 2441 1518 2484 Ι
1539 2437 1645 2474 οὔπω

283 2492 370 2527 ante
396 2489 516 2538 φόβος
542 2490 598 2526 Va
