1806 2964
603 232 873 269 EPISTULAE
899 236 1090 269 ιτα-479
1442 233 1530 276 457

790 342 892 399 υοη’.
1436 352 1487 388 w
1514 356 1605 389 12⁷1

661 433 862 488 Σιλανῷ.
914 441 1022 484 (356)

217 521 256 557 1.
291 516 348 557 Εἰ
371 515 445 570 μὲν
471 515 686 570 συνέμιξας
704 516 937 573 Κληματίῳ,
963 515 1070 565 εἰκὸς
1095 515 1147 568 δή
1173 527 1216 557 σε
1241 514 1443 569 κληθέντα
1467 514 1533 556 ἐπὶ

160 582 256 632 τοὺς
285 583 441 638 γάμους
471 582 602 623 πάντα
633 582 735 636 ἔχειν
765 582 902 637 λόγον·
935 582 973 623 εἰ
1002 577 1041 622 δ’
1069 580 1183 624 οὔπω
1209 588 1326 623 τοῦτο
1355 580 1533 636 γέγονεν,

163 647 327 690 ἐπειδὰν
357 647 538 704 γένηται,
569 649 700 689 πάντα
731 647 886 706 ἀκούσῃ
918 648 1038 703 λόγον
1062 647 1131 689 καὶ
1161 648 1259 702 τάχα
1283 648 1359 689 οὐκ
1389 647 1534 689 ἐλάττω
1571 661 1590 688 s

163 730 211 769 με
235 715 392 769 φήσεις,
417 712 504 757 ἀλλ’
532 714 632 769 ὑπὲρ
658 714 701 756 τὸ
729 713 888 769 μέτριον
912 714 1151 756 σπουδάσαι.
1189 717 1229 756 2.
1255 714 1343 756 ὅσοι
1368 712 1411 755 δὲ
1435 712 1533 767 ἡμῖν

157 781 311 823 οἴονται
336 782 512 835 δύναμιν
537 780 610 835 μὲν
634 777 752 835 εἶναι,
776 781 821 823 τὸ
847 779 889 823 δὲ
915 781 1137 835 βούλεσθαι
1156 781 1212 835 μὴ
1231 785 1432 837 παρεῖναι,
1456 781 1533 821 πά-

158 860 297 903 σχουσι
322 846 396 902 μὲν
420 848 528 898 εἰκός
552 863 589 889 τι
614 849 842 901 νομίζοντες
866 845 973 901 ἡμᾶς
1004 846 1223 889 ἀπολαύειν
1247 842 1305 888 ὧν
1331 846 1437 895 εἰκὸς
1461 841 1532 899 ἧν·

155 914 286 956 εἰσίτω
312 913 355 956 δὲ
374 914 523 963 αὐτοὺς
541 913 568 955 ἃ
586 914 676 970 περὶ
695 915 949 968 προσδοκιῶν
967 913 1199 968 Εὐριπίδης
1218 916 1447 966 φιλοσοφεῖ,
1466 912 1534 954 καὶ

155 981 378 1035 γνώσονται
403 979 458 1029 ὥς
490 980 540 1022 οὐ
570 981 731 1030 πάντως
754 978 851 1035 παρ’
872 979 971 1035 ἡμῖν
995 978 1022 1034 ἡ
1049 979 1212 1034 μέμψις.
1255 982 1293 1021 3.
1319 977 1342 1020 ὃ
1368 978 1411 1020 δὲ
1436 982 1532 1020 πολ·
1553 993 1590 1020 ιο

156 1047 269 1097 λάκις
293 1046 412 1100 ἔφην,
440 1045 515 1102 ἐγὼ
541 1045 615 1100 μὲν
639 1045 795 1088 ἐκείνου
820 1047 959 1102 κύριος
982 1047 1145 1100 ἥκιστα,
1177 1046 1228 1087 σὺ
1253 1045 1297 1088 δὲ
1321 1052 1402 1087 τῶν
1426 1045 1533 1099 ἐμῶν

159 1115 334 1167 μάλιστα.
362 1113 560 1168 συνεύχου
585 1113 638 1166 δή
657 1129 695 1154 τι
720 1114 890 1168 χρηστὸν
915 1111 1028 1166 ἡμῖν,
1053 1112 1108 1162 ὥς
1133 1112 1177 1154 έν
1196 1109 1256 1162 οἷς
1282 1111 1388 1165 ἡμᾶς
1413 1111 1533 1167 εὑρή-

157 1192 253 1234 σεις,
277 1181 432 1222 τούτων
455 1180 727 1233 κοινωνήσεις.

792 1275 898 1318 υοθ’.
1434 1282 1484 1317 W
1511 1285 1606 1318 12⁷2

671 1359 850 1419 Ὓγίνῳ.
902 1373 1009 1416 (356)
1553 1374 1588 1400 1⁵

222 1452 260 1487 1.
281 1444 376 1500 Ἐμὲ
395 1445 453 1500 δέ,
471 1446 580 1501 εἴπερ
598 1447 678 1488 ἔδει
696 1454 866 1501 νοσῆσαι
884 1447 979 1497 τοὺς
996 1448 1188 1502 νεφρούς,
1213 1447 1293 1488 ἔδει
1316 1442 1411 1501 παρ’
1435 1447 1533 1500 ὑμῖν

158 1520 275 1555 τοῦτο
300 1517 466 1566 παθεῖν,
492 1512 564 1567 οὐχ
589 1513 648 1554 ὅτι
674 1529 743 1566 μοι
766 1512 810 1554 τὸ
835 1513 959 1555 πάλαι
988 1517 1123 1555 νοσεῖν
1149 1513 1225 1568 ἔχει
1249 1513 1339 1554 τινὰ
1362 1512 1533 1567 ἡδονήν,

159 1575 244 1620 ἀλλ’
273 1579 331 1620 ὅτι
356 1586 428 1634 τῆς
459 1578 503 1620 ἐν
529 1579 593 1620 σοὶ
616 1578 757 1634 τέχνης
787 1579 961 1634 ἐγγύθεν
985 1580 1224 1634 βοηθούσης
1248 1578 1403 1621 ἐλέλυτο
1429 1578 1481 1620 ἂν
1505 1578 1532 1632 ἡ

161 1645 292 1695 νόσος.
342 1653 421 1687 νῦν
453 1644 497 1687 δὲ
527 1645 572 1687 ἐν
602 1650 734 1701 χεροῖν
765 1644 838 1699 μὲν
868 1645 970 1700 ἔχων
1000 1647 1070 1689 τὸν
1101 1645 1265 1701 ἄριστον
1296 1647 1432 1702 ἰατρὸν
1458 1647 1534 1688 οὐκ

164 1711 329 1769 ἔχρῃζον
360 1713 520 1767 ἰατροῦ,
551 1712 595 1753 ἐν
627 1711 670 1754 δὲ
701 1711 849 1768 ἀπορίᾳ
880 1719 961 1753 τῶν
986 1719 1103 1755 τοῦτο
1128 1712 1388 1767 καλουμένων
1413 1720 1533 1754 νοσῶ.
1552 1723 1589 1750 ²0

163 1780 202 1819 2.
227 1777 292 1819 σοὶ
317 1777 360 1820 δὲ
385 1778 511 1820 ἔνεστι
534 1778 603 1820 καὶ
627 1778 771 1820 ἀπόντι
796 1776 850 1819 δι’
879 1778 1088 1833 ἐπιστολῆς
1118 1779 1283 1833 ἀμῦναι.
1328 1778 1426 1834 μέγα
1457 1774 1533 1820 οὖν

163 1843 207 1885 ἕν
232 1860 270 1886 τι
295 1845 476 1898 δηλώσας
501 1845 619 1899 ῥῦσαι
644 1845 714 1886 τὸν
739 1844 896 1899 ἑταῖρον
921 1852 992 1886 τοῦ
1017 1852 1157 1887 κακοῦ.

236 1968 254 1996 1
295 1963 341 1998 Vt
362 1961 408 2007 γ’,
435 1960 526 2008 ρξη’.
560 1962 618 1998 Va
643 1961 684 2007 ε’,
710 1961 767 2009 qe‘
844 1966 889 1998 14
922 1964 972 1998 V1
995 1961 1042 2009 γ’,
1068 1961 1165 2007 ρξθ’.
1199 1963 1256 1998 Va
1280 1960 1322 2006 ε’,
1349 1961 1411 2008 (ἦς’

234 2074 256 2105 8
283 2070 329 2105 of.
348 2080 407 2116 ep.
428 2073 511 2106 433.
538 2069 686 2106 Sievers
712 2073 756 2106 ‘16
776 2072 854 2107 not.
876 2074 933 2107 31.
960 2070 1080 2108 Seeck
1099 2073 1181 2106 278.
1202 2073 1272 2106 323
1365 2075 1387 2107 3
1414 2070 1533 2107 Seeck

164 2121 231 2153 111
301 2121 322 2153 9
343 2117 431 2154 Eur.
450 2117 590 2154 Phoen.
611 2122 681 2154 39⁷
769 2122 813 2155 11
834 2118 1009 2165 Dionysii
1029 2119 1075 2155 cf.
1095 2129 1154 2165 op.
1174 2121 1245 2155 483
1325 2122 1368 2154 15
1388 2119 1533 2155 Sievers

163 2169 208 2201 66
233 2166 391 2204 nofi219.
418 2165 536 2202 Seeck
564 2170 645 2203 180.
672 2170 742 2203 326

234 2280 256 2311 5
282 2274 426 2322 ἀκούσῃ
450 2274 605 2321 reposui
629 2285 651 2311 e
675 2274 784 2310 libris
822 2275 989 2323 ἀκούσῃς
1013 2274 1122 2311 Wolf
1194 2279 1215 2311 6
1242 2275 1375 2321 φήσεις
1399 2277 1535 2324 scripsi

162 2334 183 2360 e
209 2324 245 2360 V
266 2321 334 2358 sed
359 2333 380 2357 e
405 2327 480 2369 φῆς
504 2333 588 2359 corr
612 2323 670 2359 ιιι*
703 2323 780 2369 φὴς
806 2324 862 2359 Va
887 2323 996 2359 Wolf
1065 2327 1087 2360 8
1113 2321 1215 2366 εἰκός
1239 2328 1279 2360 et
1304 2327 1325 2360 9
1351 2324 1474 2362 εἰσίτω
1493 2328 1534 2362 et

162 2373 364 2419 φιλοσοφεῖ
389 2371 446 2407 Va
471 2370 537 2406 sed
563 2371 620 2408 εἰκ
645 2372 685 2407 οὔ
710 2370 780 2407 εἰσί
805 2372 845 2407 et
869 2377 983 2418 σοφεῐ
1005 2371 1118 2418 suppl
1142 2371 1200 2407 ιη’
1275 2375 1320 2409 10
1344 2380 1422 2420 ψις.
1451 2371 1471 2410 ὃ
1490 2374 1533 2411 δὲ

163 2432 213 2457 πο
239 2420 279 2456 οῦ
304 2423 348 2455 11
375 2416 520 2464 ἥκιστα,
547 2419 591 2455 σὺ
617 2418 660 2455 δὲ
677 2425 754 2455 τῶν
779 2418 879 2466 ἐμῶν
902 2422 943 2456 ot
968 2423 1013 2455 12
1039 2420 1089 2462 ὡς
1109 2419 1150 2456 ἐν
1175 2416 1233 2461 οἷς
1255 2419 1356 2467 ἡμᾶς
1386 2420 1531 2467 εὑρήσει

164 2467 289 2504 deleta
307 2467 366 2504 Va
440 2470 484 2502 1⁷
511 2463 612 2513 εἶχεν
638 2468 696 2504 Va
757 2470 801 2503 19
827 2467 967 2513 ἰατρῶν
995 2469 1031 2504 V
1107 2471 1150 2504 21
1179 2467 1321 2504 ἔνεστιν
1348 2470 1404 2505 Va
1425 2471 1432 2516 Ι
1455 2469 1534 2506 ἐπι-

165 2517 296 2561 στολῆς
321 2513 455 2560 scripsi
481 2526 502 2551 ο
529 2516 564 2551 V
597 2515 800 2552 ἐπιστολῶν
827 2517 884 2552 Va
909 2515 1018 2552 Wolf
