1806 2964
291 206 384 249 432
883 208 1065 244 LIBANll

290 325 445 368 κοινοῦ,
465 320 718 371 συνευξάμην
736 317 787 358 ἅν
806 332 869 359 σοι
892 320 994 360 οἴκοι
1019 319 1235 377 καθημένῳ
1254 322 1423 373 κτήμασι
1442 320 1656 375 τέρπεσθαι

290 381 359 424 καὶ
378 386 545 441 Βηρυτῷ
562 390 608 440 τῇ
627 385 808 441 παγκάλῃ
820 395 828 402 “
853 391 931 425 νῦν
951 383 1008 438 δέ,
1033 386 1255 438 βουλοίμην
1274 385 1348 440 γὰρ
1373 385 1425 427 ἂν
1443 381 1489 427 εὖ
1507 387 1654 440 πρᾶξαι

291 448 360 498 τὰς
372 450 503 498 πόλεις
517 448 543 502 ἢ
563 449 625 490 σοὶ
638 448 826 503 γενέσθαι
844 451 1058 491 καθεύδειν
1072 450 1267 507 ἐλευθέρῳ
1283 452 1524 506 φροντίδων,
1537 458 1652 493 τοῦτο

291 513 363 565 μὲν
388 514 462 555 οὐκ
498 515 613 566 αἰτῶ,
638 516 757 567 νίκην
789 514 830 555 δὲ
867 514 930 556 σοὶ
965 515 1063 556 κατὰ
1094 516 1242 565 παντὸς
1266 523 1336 557 τοῦ
1361 517 1508 571 χρόνου
1532 517 1652 557 πάλιν

256 592 273 618 5
291 579 414 633 ἀρχῆς
438 581 494 629 εἰς
519 584 648 635 χεῖρας
667 580 879 632 ἐλθούσης.
919 584 956 620 6.
977 581 1073 621 αἰτῶ
1094 580 1136 622 δὲ
1156 582 1206 635 δή
1228 594 1290 622 σοι
1309 588 1424 623 τοῦτο
1450 581 1471 623 ὃ
1496 582 1654 630 πάντως

292 646 468 700 δράσεις,
494 645 560 686 καὶ
593 645 643 698 δὴ
675 645 741 686 καὶ
772 644 995 700 πέπρακταί
1017 662 1060 700 γε
1085 645 1176 699 ἤδη.
1227 647 1300 699 τὴν
1328 646 1370 688 δὲ
1395 647 1438 688 ἐκ
1463 646 1652 700 βασιλέως

290 711 470 766 ἀνάγκην
496 711 753 764 πεμπομένην
777 711 822 752 έν
845 711 1066 761 ἐπιστολαῖς
1097 713 1153 760 εἰς
1183 712 1227 753 τὸ
1259 712 1482 766 ἀναστῆναί
1511 727 1558 765 με
1588 711 1652 753 ἒν-

290 775 411 818 θένδε
423 776 565 830 πρέποι
584 775 635 817 ἂν
655 778 788 830 λαβεῖν
800 792 889 817 τινα
909 775 1144 817 ἀνάπαυλαν
1158 784 1231 818 σοῦ
1251 793 1294 831 γε
1313 777 1506 826 ἐλθόντος
1519 777 1653 819 ἐκεῖσε.

290 849 368 882 τῶν
398 842 473 897 γὰρ
499 843 544 882 τὰ
570 849 731 883 τοιαῦτα
762 843 947 882 δυνατῶν
973 842 1173 895 διοικῆσαι
1206 843 1280 884 οὐκ
1312 843 1418 884 ἔστιν
1444 843 1550 892 ὅστις
1580 842 1653 896 οὐχ

235 920 271 946 10
289 907 358 962 ἕρμ
368 924 454 949 nov
479 906 665 961 ἡγήσεται
688 914 768 948 τῶν
793 907 856 948 σοὶ
880 907 978 948 κατὰ
1008 914 1110 948 νοῦν
1143 908 1351 963 ὑπηρετῶν
1383 925 1419 949 τι
1453 915 1652 961 φανῆναι·

289 973 346 1022 ὡς
370 982 446 1014 νῦν
470 974 675 1028 γράμματά
700 989 742 1028 γε
767 973 831 1014 ἐπὶ
856 973 1082 1028 γράμμασιν
1107 974 1254 1026 ἥκοντα
1280 980 1424 1028 μικροῦ
1449 989 1496 1025 με
1521 971 1650 1027 ἐξέβα-

289 1043 368 1093 λεν,
393 1040 430 1080 εἰ
454 1039 507 1092 μή
535 1055 602 1090 μοι
626 1039 670 1079 τὸ
696 1045 808 1091 σῶμα
833 1033 878 1079 εὖ
903 1044 1049 1079 ποιοῦν
1075 1039 1227 1092 ἔκαμνε.
1283 1043 1319 1079 7.
1347 1039 1475 1080 καίτοι
1500 1038 1650 1091 σκόπει,

287 1105 419 1157 πόσην
449 1105 538 1145 τινὰ
567 1106 691 1158 κρίνω
722 1103 935 1158 συμφορὰν
964 1103 1122 1157 ἐκείνην
1152 1103 1225 1156 τὴν
1252 1103 1368 1154 ὁδόν,
1401 1099 1456 1144 δι’
1483 1102 1536 1156 ἣν
1568 1102 1647 1156 ἤδη

290 1186 359 1222 μοι
382 1170 449 1211 καὶ
473 1170 516 1210 τὸ
542 1174 674 1210 νοσεῖν
700 1169 775 1211 οὐκ
798 1168 955 1224 ἐχθρόν.
994 1169 1091 1210 αὐτὸ
1117 1169 1167 1221 δὴ
1194 1163 1269 1211 οὖν
1293 1176 1408 1211 τοῦτο
1434 1168 1571 1223 λέγων,
1597 1167 1650 1218 ὡς

234 1245 270 1272 u
290 1236 332 1277 τὸ
358 1237 470 1288 σῶμά
496 1251 563 1288 μοι
588 1236 794 1289 διερρύηκε
813 1241 892 1275 τῶν
912 1241 1073 1290 νεφρῶν
1092 1239 1265 1284 πυκναῖς
1284 1236 1523 1290 προσβολαῖς
1540 1235 1580 1275 τί
1601 1234 1650 1274 01⁸·

288 1301 520 1354 παθόντων,
544 1305 660 1342 πεῖθε
680 1300 735 1354 μὴ
759 1299 929 1353 πέμπειν
949 1315 996 1354 με
1021 1299 1087 1341 ἐπὶ
1105 1300 1263 1354 ψύχους
1283 1299 1518 1354 ὑπερβολάς,
1542 1298 1564 1341 ὃ
1583 1299 1651 1353 μέ-

288 1379 422 1420 γιστον
446 1367 572 1408 κακὸν
596 1365 842 1420 ἠσθενηκόσι
868 1370 1046 1420 νεφροῖς,
1071 1365 1154 1406 ἐπεὶ
1179 1365 1244 1406 καὶ
1272 1366 1344 1406 ὅσα
1368 1365 1461 1422 τῇδε
1486 1365 1649 1417 νενοσή-

288 1447 428 1485 καμεν,
456 1433 654 1489 Θρᾳκίους
686 1432 815 1486 ἰατροί
838 1443 962 1484 φασιν
987 1430 1191 1484 εἰληφέναι
1216 1430 1285 1480 τὰς
1309 1430 1479 1485 πληγάς·
1506 1430 1603 1471 ὥστε
1628 1429 1649 1470 ὁ

288 1497 456 1550 πέμπων
482 1497 535 1546 ὣς
560 1496 664 1547 νέοις
683 1497 948 1549 συνεσόμενον
969 1497 1062 1538 ἴστω
1087 1496 1253 1547 πέμπων
1273 1494 1327 1544 ὡς
1345 1495 1650 1549 τεθνηξόμενον.

360 1654 446 1695 esq.
473 1650 614 1685 Sievers
641 1654 685 1684 65
757 1653 798 1684 17
811 1661 864 1693 sq.
892 1649 938 1684 cf.
960 1659 1016 1693 ep.
1039 1651 1107 1682 368

358 1798 379 1829 2
406 1794 551 1840 βηρύτῳ
574 1794 628 1829 Va
646 1792 754 1828 Wolf
772 1794 777 1838 Ι
799 1792 870 1838 γὰρ
889 1792 990 1828 inser
1016 1793 1063 1828 V⁴
1102 1803 1162 1827 0111
1174 1793 1227 1828 Va
1299 1796 1318 1827 3
1342 1790 1363 1834 ἤ
1383 1803 1441 1827 σοι
1452 1791 1506 1826 Va
1523 1789 1633 1826 Wolf

288 1841 435 1878 ἐθέλειν
460 1844 546 1887 post·
570 1840 778 1876 καθεύδειν
805 1841 840 1876 V
861 1840 926 1875 sod
953 1850 1037 1875 eras
1118 1844 1140 1874 4
1165 1845 1231 1875 τοῦ
1257 1838 1360 1874 inser
1389 1840 1435 1875 V⁴
1508 1841 1530 1873 5
1555 1835 1597 1874 δὲ
1621 1839 1652 1875 l'

288 1889 355 1926 sod
381 1900 402 1925 e
427 1900 490 1924 σαι
522 1900 604 1924 corr
629 1888 683 1923 m⁴
705 1890 711 1933 Ι
733 1888 807 1935 σοι]
833 1900 908 1923 που
935 1888 971 1923 V
1028 1891 1046 1921 7
1075 1885 1309 1933 ἀναστῆσαίῖ)
1371 1891 1392 1922 9
1420 1888 1592 1923 δυνατῶν
1618 1887 1654 1922 1·

288 1937 355 1972 sed
377 1943 452 1973 τῶν
477 1947 498 1972 e
523 1935 645 1982 μένων
670 1946 752 1971 con:
775 1935 832 1971 m'
877 1938 883 1979 Ι
928 1934 1158 1979 διοικήσεται
1184 1935 1238 1971 Va
1313 1938 1356 1969 10
1382 1939 1475 1970 νοῦν
1502 1934 1557 1970 Va
1582 1934 1647 1968 sed

288 1986 403 2031 suppl
426 1984 484 2020 m⁶
504 1986 510 2030 Ι
532 1985 762 2029 ὑπηρετῶντι
789 1984 822 2018 V
861 1983 1109 2028 ὑπηρετοῦντι
1125 1983 1178 2018 Va
1221 1993 1303 2018 con·
1321 1980 1430 2017 Wolf
1494 1984 1537 2016 12
1564 1980 1646 2017 ἔκα-

288 2045 380 2077 μνεν
407 2033 442 2068 V
463 2032 529 2068 sed
555 2034 634 2077 v(2)
667 2042 760 2075 eras,
794 2031 850 2066 Va
876 2029 984 2066 Wolf
1055 2034 1099 2065 15
1126 2030 1347 2076 διερρύηκεν
1367 2030 1423 2065 Va
1448 2027 1557 2064 Wolf

290 2084 334 2116 1⁶
366 2090 513 2116 comma
526 2079 632 2125 posui
653 2082 740 2124 post
758 2076 964 2115 παθόντων
1006 2079 1189 2124 puncbum
1221 2077 1309 2113 libri
1334 2076 1442 2112 Wolf
1512 2078 1555 2111 17
1581 2089 1645 2112 κα-

288 2129 359 2164 κὸν
383 2127 531 2174 reposui
565 2139 585 2162 e
616 2126 723 2162 libris
759 2132 888 2162 κακῶν
912 2125 1021 2161 Wolf
1069 2133 1074 2167 Ι
1119 2125 1373 2170 νενοσήκαμεν
1404 2123 1537 2170 scripsi
1568 2133 1589 2158 e
1614 2123 1647 2158 V

288 2175 558 2222 διενοσήσαμεν
586 2176 638 2211 Va
668 2173 778 2210 Wolf
841 2177 886 2209 18
915 2171 1104 2228 Θρακίους
1122 2173 1255 2218 scripsi
1279 2171 1468 2216 θρακίονς
1487 2173 1523 2209 V
1542 2170 1651 2207 Wolf

286 2222 458 2268 θρακίως
483 2223 540 2259 Va
614 2226 657 2258 19
683 2222 732 2263 ὡς
756 2220 898 2257 inserui
917 2232 937 2256 e
962 2220 1070 2256 hbris
1105 2231 1166 2256 om
1186 2219 1291 2256 Wolf
1315 2219 1382 2255 sed
1407 2218 1646 2255 inserendum

286 2270 373 2306 coni
392 2271 477 2307 Add
498 2274 567 2307 8⁶5
589 2273 595 2316 Ι
617 2270 637 2306 ὁ
658 2270 745 2305 ante
770 2269 983 2315 πέμπων(2)
997 2267 1105 2304 Wolf
1126 2268 1248 2304 delevi
1274 2279 1357 2303 cum
1383 2267 1438 2303 Re
