1806 2964
647 211 919 248 EMSTULAE
950 216 1139 247 112—113
1498 210 1584 253 113

200 345 275 370 νον
302 332 382 377 τοῖς
409 327 611 381 ἐσθήμασι
636 325 834 380 παρέχων,
861 324 887 366 ἃ
912 329 1058 378 κοσμεῖ
1070 326 1140 367 τὸν
1159 325 1346 380 χορηγόν,
1371 325 1584 378 φροντίδες

200 394 245 437 δὲ
270 393 340 436 καὶ
365 392 512 449 βουλαὶ
537 393 604 434 καὶ
629 393 749 434 πόνοι
775 392 843 434 καὶ
864 392 1021 448 δρόμοι,
1047 399 1171 434 ταῦτα
1195 392 1327 433 πάντα
1341 387 1584 445 Ὀβοδιανοῦ

198 462 386 516 φορτίον·
413 459 467 510 ὡς
492 466 565 502 τοῦ
582 475 627 515 γε
645 460 816 501 πάππου
835 459 880 502 τὸ
899 459 1017 515 ἔργον
1039 457 1223 513 ἡσθῆναι
1242 462 1326 507 τοῖς
1351 457 1585 514 δρωμένοις,

199 527 224 582 ἡ
253 527 296 570 δὲ
321 526 475 569 ἀτέλεια
499 533 571 568 τοῦ
596 526 730 568 πόνου
763 526 871 581 παρὰ
903 533 975 568 τοῦ
1007 526 1166 580 χρόνου.
1215 529 1252 566 3
1279 524 1346 566 καὶ
1373 524 1455 579 μὴν
1480 525 1517 565 εἰ
1541 525 1584 565 τό

200 611 244 651 γε
270 601 384 648 σῶμα
408 593 484 647 ’τὴν
515 593 643 635 αὑτοῦ
674 593 790 648 ἔφερε
820 600 993 648 ψῆφον,
1025 591 1237 647 ἡσυχάζειν
1270 591 1349 633 ἔδει
1382 590 1436 641 ὣς
1468 590 1583 640 ὄντος
1623 607 1640 632 5

198 662 317 711 δέους
342 661 386 702 ἐν
412 667 460 718 τῇ
486 661 620 718 τοιᾷδε
639 660 796 713 κινήσει
819 659 993 701 παλαιὸν
1018 658 1132 709 ἕλκος
1156 657 1334 714 ἠρεμοῦν
1361 657 1583 712 ἐπαναστῆ-

202 745 271 770 ναι
295 729 428 769 πάλιν.
474 723 559 768 ἀλλ’
588 727 747 780 ἐνίκησε
773 727 843 776 τὰς
867 726 1016 775 πολλὰς
1041 725 1220 781 ἀνάγκας
1246 724 1303 778 ἕν,
1333 724 1583 777 Φλωρὲντιος

199 795 220 837 ὁ
246 795 415 851 χρηστὸς
440 793 508 835 καὶ
533 801 605 848 τῆς
635 793 779 849 ἀρετῆς
811 795 940 846 φίλος.
986 797 1025 835 4.
1051 792 1117 834 καὶ
1146 793 1319 846 δεσμοὺς
1352 791 1584 847 ἀπορρήξας

197 861 337 904 οὑτοσὶ
362 857 464 916 παρ’·
487 860 643 903 ἐκεῖνον
670 860 792 915 τρέχει
818 861 994 914 νομίζων
1020 859 1096 901 οὐκ
1121 858 1173 900 ἂν
1198 858 1314 914 ἡμῶν
1339 859 1516 914 ὑπάρξαι
1534 867 1581 917 τῇ

199 930 310 971 πόλει
335 928 470 983 λόγον,
495 928 532 969 εἰ
555 934 627 969 τοῦ
654 927 727 981 μὲν
760 926 881 969 οὐδὲν
912 925 1012 981 ἡμῖν
1038 927 1314 981 προσήκοντος
1345 927 1499 981 χώραν,
1530 924 1584 979 ἣν

196 994 370 1050 κατέχεις
395 996 461 1048 σύ,
493 1001 572 1036 νῦν
597 995 757 1049 ἔχοντος
788 993 1027 1050 πρεσβευταὶ
1059 1000 1139 1034 τῶν
1164 992 1301 1048 ἄκρων
1332 990 1477 1047 ᾔεσαν,
1508 1008 1582 1034 πο-

198 1063 310 1104 λίτου
337 1060 380 1103 δὲ
416 1059 629 1117 ἡμετέρου,
665 1060 759 1118 δέξῃ
790 1061 867 1116 γὰρ
899 1060 1076 1115 εὐμενῶς
1107 1061 1181 1113 τὴν
1213 1064 1375 1114 κλῆσιν.
1408 1067 1479 1114 τῆς
1504 1066 1584 1101 τῶν

202 1130 419 1183 βασιλείων
443 1136 690 1183 προεστῶτος
716 1128 941 1181 ἐπιμελείας
965 1127 1099 1168 ἔπειτα
1125 1128 1182 1176 εἰς
1207 1126 1352 1167 ἐλάττω
1375 1121 1515 1184 κατῄει
1539 1127 1583 1168 τὸ

196 1204 376 1252 πρᾶγμα.
411 1198 450 1239 5.
477 1194 498 1236 ὁ
524 1194 598 1249 μὲν
623 1191 701 1237 οὗν
727 1193 833 1249 ἡμᾶς
857 1210 898 1236 τε
923 1193 992 1235 καὶ
1018 1193 1060 1235 σὲ
1086 1200 1211 1247 τιμῶν
1236 1194 1339 1247 ἥκει,
1365 1194 1438 1235 σὸν
1465 1189 1503 1234 δ’
1531 1192 1584 1234 ἂν

198 1264 260 1316 εἴη
294 1262 438 1304 τοῦτόν
462 1278 501 1304 τε
527 1260 597 1304 καὶ
623 1262 698 1315 τὴν
729 1262 849 1304 πόλιν
883 1261 948 1301 διὰ
981 1261 1126 1302 τούτου
1158 1267 1321 1314 τιμῆσαι
1353 1259 1420 1301 καὶ
1451 1265 1583 1302 πεῖσαι

197 1330 268 1370 τὸν
294 1329 423 1382 ἄνδρα
449 1329 504 1378 ὡς
528 1330 564 1370 εἰ
587 1328 827 1382 ἐξωμόσατο,
852 1335 986 1377 κακῶς
1011 1326 1062 1368 ἂν
1088 1328 1365 1381 ἐβουλεύσατο.

224 1531 230 1538 1
274 1488 318 1520 10
345 1482 522 1519 Maeonii.
559 1482 606 1519 cf.
635 1495 693 1529 ep.
723 1486 779 1518 61.
823 1481 942 1518 Seeck
977 1485 1047 1517 218
1132 1486 1174 1516 13
1203 1481 1468 1527 Magisterium
1501 1482 1584 1518 offi-

198 1543 344 1568 olorum

277 1683 293 1713 1
323 1676 347 1711 st
382 1683 512 1723 κοσμεῖ
543 1676 678 1723 scripsi
710 1678 755 1712 ut.
793 1677 878 1713 coni
904 1675 1037 1712 Boivin
1077 1676 1236 1722 ἀκοσμεῑ
1267 1675 1355 1711 libri
1387 1676 1492 1712 Wolf
1522 1690 1583 1714 κο-

201 1732 287 1772 σμεῖ
310 1725 365 1762 ΒΘ
435 1729 456 1761 2
484 1724 692 1773 ὁβοδιανοῡ
713 1725 802 1762 libri
821 1724 932 1761 Wolf
996 1729 1018 1759 4
1044 1730 1119 1760 τῶν
1138 1724 1269 1761 πόνων
1292 1725 1346 1760 Va
1417 1730 1438 1761 ὃ
1466 1726 1584 1762 αὑτοῦ

200 1778 241 1810 et
267 1773 346 1811 ἔδει
372 1773 509 1821 scripsi
535 1778 687 1810 auctore
714 1774 769 1810 Re
807 1773 929 1820 αὐτὴν
954 1775 994 1809 et
1019 1775 1101 1809 δεῖν
1120 1772 1209 1808 libri
1229 1772 1338 1809 Wolf
1408 1777 1429 1809 6
1454 1773 1584 1811 τοιάδε

210 1823 246 1858 V
273 1825 280 1868 Ι
313 1822 481 1869 ἠρεμοῦν
514 1823 567 1860 Vo
643 1826 664 1858 9
691 1821 768 1859 ἐκεῖ
795 1823 831 1858 V
851 1822 916 1858 sed
944 1822 984 1857 in
1011 1821 1160 1858 ἐκεῖνον
1179 1832 1263 1858 corr
1293 1822 1350 1857 ιιι*
1429 1826 1473 1859 10
1498 1824 1586 1870 post

201 1870 461 1916 προσήκοντος
484 1870 662 1907 lacunam
686 1871 878 1907 indicavit
901 1869 1063 1906 Wolfius
1110 1871 1116 1917 Ι
1161 1871 1290 1918 χώραν
1316 1870 1451 1918 scripsi
1478 1882 1500 1908 ο
1533 1872 1585 1909 Vo

203 1919 269 1955 sed
296 1933 319 1956 ν
345 1919 423 1956 add
453 1919 523 1963 m’
557 1922 601 1956 ut
632 1920 718 1956 coni
754 1919 889 1956 Boivin
923 1920 1027 1966 χώρα
1064 1918 1156 1954 VVa
1189 1918 1255 1954 sed
1287 1919 1328 1954 in
1359 1919 1432 1956 hoc
1463 1931 1585 1966 paene

202 1967 408 2004 evanidam
434 1970 472 2004 et
495 1967 607 2015 χάριν
632 1968 673 2004 in
697 1980 808 2015 marg
832 1969 890 2004 m⁶
931 1968 1007 2015 χώρ
987 1980 1035 2017 ρα
1060 1966 1171 2003 Wolf
1213 1970 1219 2015 Ι
1264 1964 1312 2014 ἦν
1338 1967 1427 2004 libri
1453 1969 1520 2005 sed
1545 1969 1584 2005 in

203 2015 252 2062 ἣν
278 2027 362 2053 corr
397 2016 466 2053 Vo'
565 2021 608 2053 11
617 2015 806 2072 κατέχεις
831 2018 877 2054 σὺ
903 2016 944 2053 in
969 2004 1029 2052 lac
1058 2020 1200 2051 1)-14
1226 2015 1289 2052 litt
1313 2016 1416 2054 inser
1436 2016 1519 2064 Vo’,

202 2065 263 2101 lac
290 2069 335 2101 13
361 2064 427 2101 litt
451 2076 514 2101 om
548 2066 588 2112 V,
614 2065 655 2101 in
680 2065 741 2102 lac
767 2069 789 2102 8
814 2065 879 2102 litt
905 2076 966 2101 om
994 2065 1050 2100 Va
1072 2066 1078 2111 Ι
1099 2066 1187 2110 post
1213 2065 1257 2100 σὺ
1283 2064 1459 2101 lacunam
1484 2029 1585 2102 indli-

205 2149 307 2186 eavit
339 2149 499 2186 Wolfius
605 2154 650 2186 12
682 2150 751 2194 ὃέξ
751 2164 769 2198 ῃ
797 2151 933 2197 scripsi
965 2147 1067 2193 δόξει
1108 2150 1203 2185 VVa
1242 2149 1350 2186 Wolf
1389 2127 1494 2195 &fest
1535 2152 1585 2187 Vo

205 2197 305 2241 δέξει
330 2198 464 2234 Boivin
543 2203 585 2235 16
612 2199 701 2246 ἐξομ
703 2197 817 2235 όσατο
852 2200 915 2246 V!
945 2197 1192 2246 ἐβουλεύσατο
1220 2198 1354 2246 scripsi
1382 2211 1402 2235 ο
1436 2200 1471 2236 V
1505 2199 1585 2248 ἐβε-

205 2246 383 2294 βούλευτο
420 2248 534 2284 ῘαῩο
558 2246 668 2283 Wolf

1606 940 1639 966 10

1607 1274 1638 1299 1⁵
