1806 2964
627 233 899 271 EPISTULAE
923 237 1116 272 480-481
1466 233 1556 278 459

189 364 286 391 νειν.
311 347 379 391 καὶ
404 348 563 401 διδοίης
587 346 640 389 ἂν
663 347 825 397 εἰκότως
849 353 930 389 τῶν
954 354 1121 390 σαυτοῦ·
1148 351 1334 401 φιλοῦντι
1357 346 1434 403 γὰρ
1458 346 1557 402 πέμ-

189 425 295 468 ψεις,
314 413 359 465 ὃς
377 413 528 464 ἐθέλεις
547 414 776 468 λαμβάνειν.
817 416 855 455 2.
882 411 904 455 ὁ
923 409 963 456 δ’
984 413 1088 470 ἀνὴρ
1106 414 1272 466 ἐκεῖνος,
1291 412 1339 457 ὃν
1357 411 1441 473 φῂς
1458 412 1557 455 ἀνα-

179 487 339 537 γνῶναι
373 481 532 536 βιβλίον
563 492 638 522 σου
669 479 911 533 δεδωκότος,
942 480 980 522 εί
1008 476 1091 535 μετ’
1120 481 1280 531 εὐνοίας
1310 486 1428 523 τοῦτο
1460 480 1556 535 ἔδρα

190 547 428 602 θαυμαστὸν
447 545 577 590 οὐδέν·
603 544 630 587 ἃ
647 545 723 602 γὰρ
742 546 844 601 ἔγνω
868 547 1004 595 πάλαι,
1029 553 1152 589 ταῦτα
1171 546 1308 602 ἐτήρει.
1339 547 1462 588 πάλαι
1480 545 1555 602 γὰρ

186 610 293 668 ἡμᾶς
318 612 407 655 ἀντὶ
432 619 502 655 τοῦ
527 613 756 668 βασανίζειν
780 610 919 671 ἐπῄνει
942 613 1072 655 καίτοι
1096 612 1226 663 δεινὸς
1244 611 1317 667 μὲν
1335 610 1393 654 ὢν
1418 613 1557 667 εἰπεῖν,
1594 626 1613 653 ⁵

186 678 364 734 ἀμείνων
390 677 433 721 δὲ
467 679 706 733 δοκιμάζειν.
750 674 835 720 ἀλλ’
864 678 973 733 ὅμως
1006 677 1169 721 ἐπειδὰν
1192 679 1351 733 ἅψηταί
1380 694 1452 721 του
1477 685 1558 720 τῶν

180 744 308 801 ἐμῶν,
327 746 456 796 εὐθὺς
475 743 497 787 ὅ
515 749 701 801 γενναῖος
719 745 855 800 κριτὴς
873 745 994 799 λευκὴ
1014 745 1177 800 στάθμη
1196 746 1356 800 γίνεται.
1383 747 1422 787 3.
1440 751 1556 787 τοῦτο

179 810 231 855 δὲ
255 811 409 855 ὁπόθεν
427 811 535 870 αὐτῷ
553 811 597 854 τὸ
616 811 766 864 πάθος,
790 810 867 867 ἐγώ
892 823 935 853 σε
954 811 1114 862 διδάξω.
1135 807 1435 867 Ἀρισταίνετος,
1452 810 1556 865 ἀνὴρ

185 877 388 932 Βιθυνός,
410 873 635 931 Ἀθήνησιν
660 877 769 935 αὐτῷ
801 881 1002 935 συμφοιτᾷ
1032 876 1101 919 καὶ
1132 878 1272 931 φιλίαν
1301 877 1557 931 έκτησάσθην

183 948 273 994 ταῖς
296 943 501 1000 ὑμετέραις
526 943 797 998 ὗμνουμέναις
822 944 927 998 ἴσην.
960 943 1029 985 καὶ
1047 943 1099 997 δὴ
1118 942 1186 986 καὶ
1205 943 1227 985 ὅ
1244 960 1281 985 τι
1305 942 1358 985 ἂν
1382 943 1452 986 τὸν
1477 942 1556 985 ἕτε-
1577 958 1612 985 ιο

187 1026 261 1065 ρον
291 1009 437 1068 ἀρέσῃ,
460 1010 536 1065 τὴν
560 1009 716 1064 ἀμφοῖν
747 1010 823 1065 ἔχει
853 1017 1012 1064 ψῆφον.
1062 1008 1196 1052 ἕπεται
1224 1009 1300 1065 γὰρ
1325 1010 1451 1068 τούτῳ
1483 1007 1556 1064 μὲν

182 1076 357 1131 ἐκεῖνος,
387 1076 526 1134 ἐκείνῳ
557 1075 600 1118 δὲ
633 1072 761 1126 οὗτος.
811 1079 851 1118 4.
876 1075 959 1118 ἐπεὶ
984 1070 1060 1119 οὖν
1084 1075 1262 1130 ἐπῆλθεν
1285 1072 1555 1133 Ἀρισταινέτῳ

182 1143 346 1196 νομίσαι
377 1158 424 1196 με
455 1143 510 1197 μὴ
537 1146 711 1196 φαῦλον,
741 1138 874 1185 οὐκέτ’
900 1142 999 1197 ἐνῆν
1019 1138 1190 1201 Ἀκακίῳ
1222 1141 1277 1196 μὴ
1308 1143 1484 1196 νομίζειν
1508 1157 1556 1195 με

182 1208 332 1262 δεξιόν,
357 1205 462 1251 ὥσθ’
485 1209 559 1251 ὅσα
584 1210 872 1264 συνηγωνίζετο
897 1213 952 1268 τῷ
973 1209 1078 1268 λόγῳ
1101 1210 1168 1251 καὶ
1192 1209 1295 1268 τόνῳ
1320 1216 1464 1263 φωνῆς
1488 1208 1557 1250 καὶ

182 1274 313 1330 χειρὸς
347 1275 516 1330 σχήματι
549 1274 618 1317 καὶ
642 1280 726 1324 τοῖς
750 1274 898 1329 ἄλλοις,
932 1274 959 1317 ἃ
983 1275 1051 1317 καὶ
1075 1275 1123 1317 τὰ
1148 1275 1204 1331 μὴ
1234 1275 1336 1318 καλὰ
1365 1275 1556 1326 πολλάκις
1577 1287 1611 1314 1⁵

182 1341 346 1396 ἐποίησε
380 1341 494 1392 δόξαι
527 1342 647 1395 καλά,
672 1348 753 1383 τῶν
776 1342 878 1398 πρὸς
911 1341 1067 1384 ἐκεῖνον
1090 1337 1145 1396 ἦν
1170 1346 1402 1396 συνθηκῶν.
1445 1342 1484 1384 εἰ
1512 1340 1557 1384 δὲ

185 1407 260 1450 οὐκ
278 1407 381 1463 ἐπῆν
400 1407 569 1463 ἀνάγκη,
586 1408 747 1459 πάντως
765 1407 817 1450 ἂν
836 1405 938 1458 εἶδες
956 1412 1241 1464 καταγελῶντα.
1272 1412 1309 1451 5.
1330 1404 1416 1450 ἀλλ’
1438 1403 1556 1457 οὗτος

181 1473 272 1528 μέν,
295 1475 371 1516 εἴτε
390 1475 550 1516 δίκαιον
574 1475 649 1516 εἴτε
675 1475 745 1529 μή,
770 1475 825 1529 μή
853 1490 899 1528 με
918 1473 1094 1516 ἐπαινῶν
1112 1476 1325 1517 παύσαιτο·
1352 1475 1402 1516 σὺ
1422 1473 1466 1516 δὲ
1484 1473 1555 1516 τὸν

182 1538 258 1593 μὲν
275 1539 422 1594 ἀναιδῆ
447 1547 591 1582 τοῦτον
616 1540 801 1582 καθελὼν
821 1540 888 1582 καὶ
914 1541 1078 1591 διδάξας
1104 1539 1158 1590 ὥς
1177 1539 1254 1596 ἄρα
1279 1540 1329 1583 οὐ
1354 1541 1427 1596 χρὴ
1453 1541 1555 1595 πρὸς

255 1695 277 1727 2
302 1693 477 1729 Aeacius.
504 1692 622 1729 Seeck
642 1696 687 1729 43
800 1697 819 1728 ‘1
841 1693 885 1729 cf.
907 1704 965 1739 ep.
988 1696 1092 1729 1262.
1119 1692 1319 1728 Salzmann
1339 1696 1385 1729 58

180 1743 206 1774 8
233 1739 352 1778 Seeck
377 1744 422 1777 85

258 1888 277 1920 1
303 1890 378 1921 τῶν
403 1895 465 1920 om
492 1886 575 1930 Va!
601 1898 642 1922 τε
672 1887 760 1932 post
790 1887 966 1933 φιλοῦντι
991 1887 1026 1922 V
1053 1885 1119 1922 sed
1151 1885 1233 1930 del,
1265 1887 1322 1922 Va
1395 1889 1417 1922 2
1443 1882 1497 1922 ὧν
1524 1887 1560 1922 V

180 1932 249 1968 sed
275 1932 315 1968 in
341 1931 384 1976 ὃς
408 1944 492 1970 σοι-ι·
516 1933 584 1979 m⁴,
617 1934 672 1970 Va
717 1935 725 1981 Ι
770 1935 898 1981 λαβεῖν
926 1935 961 1971 V
982 1933 1049 1970 sod
1080 1934 1121 1970 in
1145 1933 1354 1982 λαμβάνειν
1378 1944 1462 1970 corr
1485 1933 1555 1978 ω’,

188 1981 246 2017 Va
265 1980 272 2028 Ι
294 1979 369 2027 φὴς
392 1980 482 2017 libri
506 1980 616 2017 Wolf
697 1985 719 2017 3
744 1980 872 2030 βιβλία
898 1983 955 2019 Va
989 1981 1057 2018 sed
1089 1996 1115 2018 α
1146 1993 1230 2018 corr
1253 1981 1311 2018 ιη’
1331 1983 1338 2028 Ι
1358 1979 1462 2019 τοῦτ’
1486 1981 1557 2019 VS

189 2029 290 2065 Vina
313 2028 421 2065 Wolf
439 2029 488 2066 od
572 2032 595 2064 4
620 2027 728 2066 ταῦτ’
757 2031 858 2067 Vina
876 2030 984 2067 Wolf
1005 2029 1098 2066 Cant
1130 2031 1136 2076 Ι
1171 2029 1293 2076 ἐτήρει
1317 2029 1452 2077 scripsi
1475 2040 1497 2066 e
1523 2027 1560 2066 V

191 2078 246 2114 Va
276 2077 321 2112 οὐ
355 2076 442 2113 coni
473 2077 529 2114 Re
566 2077 697 2122 ἐπήνει
729 2077 759 2115 S
789 2078 856 2114 sod
887 2092 932 2126 γρ
966 2076 1088 2124 ἐτήρει
1120 2088 1315 2124 suprascr,
1354 2078 1457 2115 Vina
1487 2077 1554 2113 sed

182 2139 228 2172 γρ
254 2124 376 2171 ἐτήρει
400 2125 442 2161 in
465 2136 586 2172 marg,
611 2125 720 2162 Wolf
801 2130 822 2162 5
848 2125 918 2173 μὲν
942 2126 1046 2163 inser
1070 2126 1120 2164 V⁴
1157 2137 1219 2162 om
1245 2127 1302 2163 Va
1330 2128 1335 2169 Ι
1374 2123 1425 2163 ἂν
1449 2125 1559 2162 Wolf

178 2173 231 2209 ed
313 2177 334 2209 6
355 2172 397 2210 δὲ
427 2174 469 2210 in
493 2185 576 2210 mar
636 2174 713 2211 add
740 2174 796 2211 V⁴
839 2185 900 2211 om
927 2175 984 2211 Va
1024 2177 1030 2219 Ι
1077 2172 1196 2211 ἔπειθ’
1221 2171 1271 2211 ἂν
1298 2175 1392 2211 VVa
1423 2173 1554 2220 ἐπειδὴ

182 2220 291 2258 Wolf
339 2223 345 2268 Ι
397 2221 539 2268 ἅψεται
620 2222 678 2259 olf
712 2221 809 2259 Ceut
900 2226 920 2258 ’1
954 2220 1122 2269 γίγνεται
1148 2223 1206 2259 Va
1301 2225 1323 2258 8
1349 2220 1388 2258 δ’
1413 2221 1443 2259 S
1454 2222 1554 2259 Vind

180 2269 311 2315 Wolf!
339 2268 434 2307 ὅθεν
461 2271 518 2307 Va
599 2274 644 2307 10
669 2271 692 2307 ὑ
720 2269 924 2317 νουμέναις
950 2271 986 2308 V
1012 2271 1079 2306 sed
1112 2283 1198 2312 ναις
1228 2269 1270 2306 in
1306 2280 1370 2306 tas
1400 2269 1458 2306 ιιι*

250 2321 294 2354 11
319 2317 434 2365 ἀρέσῃ
460 2317 594 2364 scripsi
629 2284 761 2381 άρέόηι
786 2320 884 2356 VVa
919 2317 1052 2363 ἀρέσαι
1082 2318 1224 2356 SVind
1247 2317 1357 2354 Wolf
1439 2321 1484 2354 12
1509 2316 1552 2354 δὲ

177 2367 271 2402 ante
295 2363 365 2403 οὖν
389 2366 418 2403 S
509 2370 553 2403 18
579 2366 704 2404 οὐκέτ’
726 2380 775 2414 ην
801 2368 838 2404 V
864 2366 931 2404 sed
962 2366 1003 2402 in
1028 2378 1090 2402 ras
1115 2377 1161 2402 ex
1179 2364 1306 2403 οὐκέτι
1323 2362 1372 2412 ἦν
1397 2376 1479 2402 corr
1495 2365 1554 2401 m·

179 2414 223 2449 et
246 2413 287 2450 ἐν
313 2415 403 2450 ante
421 2409 471 2460 ἦν
495 2414 537 2451 ἰιι
555 2427 665 2462 marg
688 2415 747 2451 ιη’
822 2418 865 2451 16
893 2413 1048 2451 ἐκείνων
1075 2415 1131 2451 Va
1170 2415 1176 2460 Ι
1216 2410 1266 2460 ἦν
1291 2416 1495 2460 συνθηκῶν
1522 2414 1558 2450 V

178 2461 248 2498 ned
275 2457 321 2508 ἦν
346 2472 415 2499 συν
439 2463 553 2513 suppl
576 2463 634 2499 m⁴
