1806 2964
304 237 392 279 502
912 233 1060 269 LIBAN
1063 233 1094 269 11

303 347 373 388 τὸν
398 347 607 387 νεανίσκον
639 344 873 397 ἠμειψάμην
905 349 957 400 τῷ
988 343 1145 396 πέμψαι
1170 341 1266 398 παρ’
1289 343 1336 385 ὃν
1367 345 1510 400 ἐχρῆν,
1542 346 1592 387 σὺ
1617 343 1656 388 δ’

303 412 426 453 αὐτὸν
450 412 611 452 παίδευε
638 410 710 462 μὲν
734 409 760 450 ἃ
785 409 853 450 καὶ
882 410 975 458 τοὺς
1006 407 1171 461 ἄλλους,
1206 409 1280 463 ὅρα
1306 409 1347 450 δὲ
1373 410 1489 462 ἥδιον
1514 409 1541 464 ἢ
1566 412 1661 461 τοὺς

304 477 461 529 ἄλλους,
487 476 595 524 ὅπως
621 474 768 517 εἰδέναι
792 482 914 515 πᾶσιν
938 468 983 531 ᾖ,
1008 474 1134 515 πόσον
1159 491 1195 515 τι
1220 475 1368 528 τούμὸν
1393 476 1500 531 παρὰ
1526 477 1599 517 σοί.

232 603 278 639 w
304 606 374 639 448
930 591 1033 645 φλδ’.

268 688 284 715 ο
785 667 1028 729 Ὀλυμπίῳ.
1063 681 1169 724 (356)

366 760 402 796 1.
428 756 575 815 Εὐθὺς
593 755 767 804 ἀκούσας
786 768 828 796 σε
846 761 916 808 τῆς
929 750 1078 808 Ῥώμης
1096 755 1288 808 εἰλῆφθαι
1307 756 1449 796 τούτου
1469 768 1510 797 σε
1525 755 1660 798 εὐδαι-

302 822 464 874 μόνιζον
508 821 628 875 γνοὺς
653 820 695 862 δὲ
727 820 787 861 ὅτι
812 833 874 861 σοι
904 819 971 860 καὶ
995 819 1093 869 δόξα
1115 821 1280 873 βελτίων
1303 820 1366 873 εἴη
1390 820 1458 861 καὶ
1490 821 1660 874 δύναμις

303 886 463 939 αὐτόθι,
489 889 637 939 μᾶλλον
662 885 830 927 ἐκάλουν
855 884 1082 938 εὐδαίμονα.
1121 884 1281 926 δέδοικα
1306 885 1439 938 μέντοι
1465 886 1519 939 μὴ
1545 893 1659 927 τοῦτο

303 951 377 1004 τὴν
400 950 594 1006 ἡμετέραν
617 950 867 1006 ἀποστερήσῃ
892 957 971 991 τῶν
1000 949 1144 1003 ἑαυτῆς
1174 950 1217 991 τὸ
1243 954 1325 999 τοῖς
1355 950 1533 1005 ἐγγόνοις
1557 947 1661 992 εἶναι

251 1035 285 1060 ιο
307 1013 400 1072 παρ’
421 1016 554 1065 ἄλλοις
577 1017 813 1068 εὐδοκιμεῖν.
851 1019 888 1056 2.
913 1014 988 1070 ἐγὼ
1015 1014 1057 1056 δέ
1081 1027 1124 1056 σε
1154 1022 1356 1069 πανταχοῦ
1388 1014 1460 1069 μὲν
1485 1015 1660 1058 ἐπαίνων

304 1083 524 1135 βουλοίμην
561 1080 612 1122 ἂν
646 1082 872 1136 τυγχάνειν,
910 1081 958 1122 οὐ
993 1080 1126 1133 μέντοι
1157 1082 1281 1138 τούτῳ
1312 1082 1385 1134 τὴν
1422 1081 1662 1136 ε’νεγκοῦσαν

303 1147 470 1200 ἀδικεῖν,
493 1146 518 1201 ἣ
546 1148 668 1188 δεῖται
693 1146 766 1200 μέν
791 1159 863 1187 σου
890 1142 943 1187 δι’
965 1144 1079 1200 ’ἡμῶν
1102 1146 1215 1199 ἥκειν
1240 1147 1341 1203 αὐτῇ
1373 1148 1564 1201 χαίρουσα
1588 1146 1661 1200 μὲν

302 1211 369 1264 ἐφ’
392 1209 453 1262 οἷς
477 1213 626 1266 ἐκτήσω
652 1213 805 1266 λόγοις,
830 1212 958 1266 ἐρῶσα
982 1210 1025 1253 δὲ
1055 1218 1125 1265 τῆς
1149 1211 1405 1261 ἀπολαύσεως
1430 1207 1487 1253 ὧν
1512 1203 1661 1265 ἐκτήσω

302 1279 440 1333 λόγων.
467 1278 656 1331 μέμφεται
683 1276 727 1319 δὲ
757 1276 844 1331 ἐμοὶ
868 1277 945 1332 πρὸ
977 1283 1067 1318 σοῦ·
1099 1275 1141 1318 σὲ
1165 1276 1240 1332 γὰρ
1272 1277 1421 1318 οἴονται
1445 1281 1529 1327 τοῖς
1552 1276 1662 1330 ἐμοῖς

249 1362 283 1389 ιι
303 1343 471 1385 ἕπεσθαι
495 1345 662 1397 νεύμασι
686 1342 753 1384 καὶ
777 1349 848 1384 τοῦ
880 1342 997 1395 μήπω
1028 1354 1070 1383 σε
1101 1342 1214 1395 ἥκειν
1239 1341 1305 1395 ἐμὲ
1330 1342 1400 1383 τὸν
1425 1342 1475 1384 οὐ
1500 1341 1662 1397 λέγοντα

303 1410 517 1450 αἰτιῶνται.
557 1412 594 1450 3.
615 1405 741 1461 Ῥώμη
775 1407 847 1461 μὲν
877 1403 953 1450 οὖν
983 1408 1079 1449 ἔστω
1110 1407 1153 1449 τὸ
1183 1408 1402 1459 κεφάλαιον
1432 1415 1511 1449 τῶν
1540 1408 1585 1449 ἐν
1614 1415 1663 1465 τῇ

302 1483 374 1532 γῇ,
400 1474 442 1516 σὲ
467 1474 510 1516 δὲ
535 1474 589 1528 μὴ
609 1480 725 1515 τοῦτο
743 1474 902 1515 ποιείτω
920 1473 987 1514 καὶ
1006 1474 1135 1525 φίλων
1159 1472 1404 1526 ἐπιλήσμονα
1422 1473 1489 1514 καὶ
1507 1473 1663 1528 γένους,

303 1538 388 1581 ἀλλ’
422 1537 489 1593 ἐφ’
525 1539 678 1594 ὁμοίοις
723 1538 821 1592 ἡμῖν
862 1539 1027 1580 ἐπάνιθι
1064 1538 1131 1579 καὶ
1165 1542 1427 1592 συνεπιμελοῦ
1464 1539 1663 1592 ποιμνίων

304 1607 423 1659 ἥδιον
447 1606 490 1648 τὸ
522 1601 607 1659 μετ’
628 1605 726 1658 ἐμοῦ
758 1606 909 1646 τούτων
939 1603 1073 1659 ἄρχειν
1102 1603 1129 1658 ἢ
1160 1604 1203 1646 τὸ
1238 1605 1392 1646 πόλεων
1428 1602 1661 1658 ἡγούμενος.

251 1688 286 1715 ιο
303 1672 340 1713 εἰ
372 1669 410 1713 δ’
438 1673 565 1725 ἥττων
598 1670 701 1724 ἀκοὴ
742 1677 812 1724 τῆς
843 1677 915 1723 σῆς
949 1676 1104 1723 φωνῆς,
1140 1671 1190 1711 σύ
1226 1685 1287 1712 τοι
1322 1670 1500 1722 ποιήσεις
1536 1669 1664 1724 αὐτὴν

379 1779 401 1811 4
434 1776 484 1811 VJ
507 1774 551 1820 γ’,
577 1774 674 1810 σκθ’.
709 1775 764 1810 Va
789 1773 836 1818 ς’,
860 1772 908 1819 μ’.
943 1774 994 1810 Vo
1020 1772 1065 1817 ς’,
1092 1774 1125 1818 μ’

378 1875 398 1905 ἴ)
425 1871 471 1905 cf.
492 1882 549 1915 ep.
571 1873 650 1906 53⁹.
677 1869 794 1906 Seeck
821 1873 900 1905 222.
921 1872 990 1904 832
1066 1872 1110 1904 16
1136 1868 1182 1903 cf.
1204 1878 1261 1914 ep.
1282 1872 1363 1904 2'52.
1385 1871 1476 1904 106³

372 1971 392 2000 2
417 1965 482 2001 nal
502 1969 588 2001 ante
607 1965 749 2023 vobem)
766 1965 882 2000 VaVo
894 1963 1002 1999 Wolf
1036 1962 1158 1999 delevi
1215 1961 1278 2009 3η
1300 1965 1354 1999 Va
1364 1964 1416 1999 Vo
1435 1963 1501 1998 sed
1526 1963 1566 1998 in
1589 1962 1662 1999 hoc

305 2013 344 2048 in
371 2009 394 2058 ἦ
421 2024 504 2048 corr
527 2013 584 2048 m‘
605 2014 611 2057 Ι
632 2010 668 2047 τί
694 2013 728 2047 V
733 2013 784 2048 to
867 2015 888 2047 6
913 2011 1048 2047 τούτου
1073 2010 1207 2056 scripsi
1231 2011 1349 2059 τούτῳ
1374 2010 1462 2046 libri
1488 2010 1595 2046 Wolf

308 2064 327 2095 ⁷
354 2060 496 2106 βελτίον
522 2061 557 2095 V
577 2059 642 2095 ned
669 2072 688 2095 ο
713 2059 754 2095 in
779 2073 807 2094 ω
834 2070 917 2095 corr
939 2059 997 2094 m⁶
1046 2062 1066 2093 9
1092 2058 1261 2104 ἐγγόνοις
1286 2047 1334 2094 V
1341 2058 1407 2093 sed
1427 2058 1468 2113 ἐξ
1487 2068 1600 2103 supra
1618 2057 1659 2103 ἐγ

305 2109 362 2143 111⁶
414 2111 457 2143 10
471 2105 637 2144 ἐπαίνων
655 2107 687 2142 V
704 2107 771 2142 sed
791 2117 836 2142 ex
855 2106 1019 2142 ἐπαινῶν
1038 2117 1118 2142 oon·
1135 2106 1193 2141 m⁶
1243 2109 1283 2141 11
1307 2105 1421 2187 ab&
1449 2105 1488 2140 in
1507 2116 1568 2141 ru
1587 2105 1643 2140 V·

309 2160 352 2192 12
372 2155 465 2203 αὐτῇ
485 2155 574 2190 libri
593 2154 700 2191 Wolf
746 2158 790 2190 16
809 2160 853 2202 τῇ
867 2153 1008 2190 inserui
1028 2163 1049 2189 e
1076 2154 1111 2189 V
1139 2164 1199 2188 om
1209 2154 1263 2189 Va
1272 2154 1324 2189 Vo
1393 2163 1415 2188 o
1432 2152 1452 2187 f
1480 2156 1523 2188 17
1542 2152 1661 2189 τούτω

314 2204 430 2240 VaVo
454 2203 520 2238 sed
545 2203 585 2238 in
611 2203 681 2238 hoc
706 2201 746 2237 ἰιι
769 2207 879 2238 τοῦτο
905 2212 985 2237 corr
1008 2201 1064 2236 ιιι*
1085 2203 1091 2246 1
1113 2199 1226 2246 φίλον
1249 2201 1306 2237 Va
1356 2204 1400 2236 19
1425 2199 1536 2246 ἥδιον
1552 2210 1662 2246 repo-

306 2250 366 2286 sui
385 2262 405 2286 ο
429 2250 538 2286 libris
564 2250 630 2285 ned
654 2259 748 2294 exn
727 2247 839 2285 ’διὰ
865 2260 946 2284 corr
971 2246 1078 2294 Von
1103 2247 1168 2285 διὰ
1193 2247 1301 2284 Wolf
1332 2246 1375 2293 ἥ,
1395 2247 1440 2293 νὴ
1465 2246 1561 2290 Δία
1585 2252 1662 2283 τῶν

307 2296 384 2344 μετ’
410 2297 500 2343 ἐμοῦ
523 2297 666 2333 τούτων
692 2296 818 2343 ἅρχων
843 2296 897 2332 Re
918 2298 924 2341 Ι
945 2294 987 2332 τὸ
996 2262 1078 2343 (2),η
1067 2295 1198 2342 scripsi
1224 2306 1245 2331 e
1265 2296 1360 2331 VVa
1395 2300 1470 2331 τῶν
1484 2295 1537 2331 Vo
1559 2293 1665 2330 Wolf

355 2349 402 2381 20
427 2344 469 2381 δὲ
494 2344 602 2380 Wolf
630 2346 635 2389 Ι
667 2346 835 2381 ἐνταῦθα
861 2347 948 2380 ante
975 2343 1068 2388 ἀκοὴ
1095 2343 1134 2378 in
1159 2354 1219 2378 ras
1245 2342 1301 2378 V⁵
1340 2345 1346 2389 Ι
1383 2356 1442 2379 τοι
1466 2341 1617 2396 reposui
1640 2352 1662 2377 e

306 2392 414 2428 libris
439 2392 507 2429 sed
526 2406 546 2429 ο
566 2392 667 2428 inser
694 2392 763 2428 V0⁴
798 2404 835 2427 τι
855 2390 964 2427 Wolf
983 2404 1019 2426 τι
1038 2401 1097 2426 σοι
1116 2390 1171 2426 Re
1192 2393 1198 2435 Ι
1220 2389 1338 2435 αὐτὴν
1356 2388 1507 2434 κρείττω
1528 2388 1660 2435 scripsi

308 2452 329 2476 ο
356 2441 390 2476 V
421 2440 559 2481 αὐτοὺς
588 2438 741 2485 κρείττω
770 2439 823 2475 Va
859 2438 997 2479 αὐτοὺς
1027 2436 1216 2482 κρείττους
1241 2439 1293 2474 Vo
1330 2437 1394 2473 ned
1427 2435 1616 2481 κρείττους
1640 2446 1662 2472 e

308 2494 476 2531 κρεῖττον
502 2498 584 2524 corr
609 2487 664 2522 m⁴
701 2487 838 2528 αὐτοὺς
862 2492 1030 2531 κρεῖττον
1054 2485 1162 2520 Wolf
