1806 2964
288 219 377 262 378
873 218 1056 255 LlBAmI

287 331 490 382 Γαλάτης,
520 330 695 382 ἐπιεικὴς
724 329 960 385 ἅνθρωπος,
985 326 1196 382 ’Λρσακίου
1225 331 1428 385 συγγενής.
1478 333 1570 386 δίκη
1601 332 1644 375 δὲ

292 392 342 449 ἦν
367 395 475 453 αὐτῷ
496 396 563 437 καὶ
586 396 666 437 ἔδει
690 403 760 448 τῆς
784 403 854 437 τοῦ
880 403 1113 446 κρινοῦντος
1137 395 1306 444 εὐνοίας.
1343 392 1460 446 οὗτός
1484 413 1552 450 μοι
1575 414 1643 440 κο-

291 461 391 513 μίζει
414 462 621 516 γράμματα
646 462 695 502 σά
719 476 759 502 τε
784 460 850 502 καὶ
875 461 924 502 οὐ
950 461 1009 502 σά.
1048 468 1118 514 τῆς
1137 459 1210 513 μὲν
1232 461 1307 516 γὰρ
1331 468 1405 515 σῆς
1429 456 1495 515 ἦν,
1519 459 1643 516 οἶμαι,

290 526 438 580 χειρός,
461 533 533 580 τῆς
558 525 599 567 δὲ
626 533 699 580 σῆς
723 527 798 568 οὐκ
823 521 876 580 ἦν
901 527 1094 577 διανοίας,
1119 530 1266 579 μᾶλλον
1291 525 1334 567 δὲ
1357 533 1429 580 τῆς
1453 533 1527 580 σῆς
1549 544 1643 569 ταυ-

252 606 272 633 5
292 591 381 643 τησὶ
405 599 475 645 τῆς
494 591 694 646 δευτέρας·
721 592 848 640 οὕτως
871 590 991 633 οὐδὲν
1015 598 1086 644 τῆς
1110 593 1329 644 συνηθείας
1352 591 1506 645 ἐκείνης
1523 591 1643 635 ἐνετε·

291 658 469 709 τύπωτο,
501 656 598 698 ἀλλὰ
625 657 746 710 πικρά
770 672 811 698 τε
837 652 887 710 ἦν
917 656 984 698 καὶ
1014 656 1132 711 ἄγρια
1161 656 1228 697 καὶ
1252 657 1463 710 δηλοῦντα,
1489 656 1543 706 ὣς
1566 657 1644 713 ἄρα

291 722 588 776 ἀναγκασθείης
620 722 688 764 καὶ
720 722 820 777 πρὸς
852 722 925 774 τὴν
950 721 1130 776 ἀνάγκην
1154 721 1310 775 ἄχθοιο.
1362 725 1428 764 10.
1463 721 1538 778 ἐγὼ
1571 722 1644 776 μὲν

291 782 367 828 οὖν
387 787 626 841 ἐμεμψάμην
644 787 719 840 τὴν
738 787 960 840 ἐπιστολήν,
983 787 1134 836 ἐκεῖνος
1153 786 1195 827 δὲ
1218 787 1292 840 τὴν
1315 787 1416 840 ἐμὴν
1437 788 1512 830 οὐκ
1530 787 1645 841 ἐμέμ-

292 864 398 903 ψατο
429 844 675 908 προθυμίαν.
725 853 804 895 ἀπὸ
831 853 982 894 τούτων
1006 853 1192 907 ἐγνώκειν
1217 851 1288 905 μὲν
1313 860 1479 903 σιωπᾶν,
1510 853 1549 893 τί
1569 852 1644 907 γὰρ

234 934 273 960 ιο
294 920 360 960 δεῖ
378 918 433 972 μὴ
459 918 687 976 βουλομένῳ
711 920 899 973 γράφειν;
931 919 1168 973 Μαρτιάλης
1193 916 1235 958 δὲ
1266 919 1436 959 κελεύων
1461 917 1536 960 οὐκ
1560 917 1645 959 έπέ-

292 999 431 1037 τρεπεν
449 983 672 1038 ἀρνεῖσθαι.
714 988 780 1026 11.
806 985 856 1025 σὺ
875 983 918 1025 δὲ
943 982 994 1024 ἂν
1013 982 1085 1037 μὲν
1108 984 1182 1037 τὴν
1206 977 1331 1024 οὖσαν
1355 983 1497 1039 ἐθέλῃς
1515 983 1646 1024 αἰτίαν

292 1050 432 1102 εἰπεῖν,
465 1051 492 1103 ἥ
518 1062 560 1091 σε
584 1049 827 1103 μετέστησεν,
861 1049 936 1091 οὐκ
969 1048 1020 1089 ἂν
1045 1048 1150 1090 δέοιο
1185 1055 1346 1104 μακρῶν
1370 1049 1516 1103 λόγων·
1550 1049 1645 1102 κρύ-

291 1129 402 1156 πτων
427 1114 470 1156 δὲ
494 1115 650 1168 ἐκείνην
674 1115 735 1157 ἀεὶ
766 1114 839 1168 μὲν
863 1114 983 1169 ἐρεῖς,
1012 1113 1074 1155 ἀεὶ
1105 1113 1148 1155 δὲ
1179 1115 1301 1171 δεήσῃ
1332 1114 1470 1168 λόγων.
1521 1115 1647 1164 οὕτως

293 1180 342 1222 οὗ
367 1181 498 1230 λύσεις
527 1181 602 1234 τὴν
631 1182 773 1222 αἰτίαν.
820 1184 887 1221 12.
911 1181 1046 1233 βούλει
1071 1183 1217 1232 μαθεῖν
1241 1179 1267 1220 ἃ
1291 1183 1373 1229 τοῖς
1391 1181 1523 1231 φίλοις
1540 1180 1646 1220 εἰκά-

238 1263 273 1288 15
294 1249 404 1295 ζουσι
428 1246 620 1301 παρέστης
645 1248 875 1300 νομίζουσιν
893 1245 1087 1300 Εὔρυμόν
1111 1260 1199 1286 τινα
1223 1251 1344 1285 ταῦτα
1367 1245 1588 1299 εἰργάσθαι.
1625 1243 1646 1286 ὃ

294 1310 337 1353 δὲ
364 1310 554 1365 Εὔρυμος
586 1311 735 1360 ἐκεῖνος
770 1311 946 1364 διέβαλλε
971 1315 1022 1367 τῷ
1042 1311 1221 1364 Κάστορι
1244 1310 1314 1352 τὸν
1338 1309 1525 1362 ἀδελφόν,
1558 1306 1644 1351 ἀλλ’

294 1377 366 1431 οὐχ
392 1377 413 1419 ὁ
439 1378 606 1431 Κάστωρ
632 1377 825 1432 ἐσίγησεν,
857 1372 942 1417 ἀλλ’
970 1374 992 1417 ὁ
1018 1375 1090 1429 μὲν
1114 1376 1295 1430 ἔφρασεν,
1327 1373 1348 1415 ὁ
1374 1374 1417 1416 δὲ
1441 1375 1647 1417 Πολυδεύ-

293 1458 368 1494 κης
393 1441 547 1496 ἀγαθὸς
571 1442 722 1497 ἐγένετο
746 1443 899 1494 πύκτης
923 1440 987 1483 ἐπὶ
1011 1441 1081 1482 τὸν
1099 1440 1310 1495 Εὔρνμον.

367 1598 411 1630 15
437 1593 567 1642 [Plut.]
594 1604 696 1640 prov.
717 1593 821 1630 Alex.
842 1596 887 1628 74

369 1743 387 1773 1
415 1736 451 1773 ο·’
486 1738 540 1773 Va
564 1736 672 1773 Wolf
741 1739 762 1771 3
789 1732 836 1782 ἦν
861 1746 922 1771 om
941 1735 971 1772 S
987 1735 1031 1770 Vi
1103 1738 1125 1770 4
1149 1740 1216 1780 τῆς
1240 1739 1303 1781 σῆς
1327 1733 1428 1770 inser
1452 1733 1482 1770 S
1516 1745 1578 1770 om
1604 1734 1651 1771 Vi

345 1788 366 1820 ὅ
392 1783 575 1830 ἀληθείας
600 1785 640 1820 D
717 1789 738 1820 6
770 1783 889 1828 πικρά
919 1782 1053 1828 scripsi
1095 1782 1210 1828 μικρά
1240 1781 1329 1818 lim-i
1360 1782 1426 1818 sed
1456 1795 1502 1828 γρ
1532 1780 1650 1826 πικρά

294 1843 470 1879 suprascr
494 1833 532 1875 S,
556 1831 664 1867 Wolf
732 1836 752 1867 9
779 1836 924 1867 σιωπᾶν
949 1829 1082 1876 scripsi
1107 1841 1127 1866 e
1156 1830 1220 1867 VS
1242 1830 1308 1866 sed
1327 1829 1368 1865 in
1386 1829 1458 1865 hoo
1476 1843 1521 1876 γρ
1541 1833 1649 1875 σιγᾶν

296 1881 569 1964 ευρταεοτ,8ῐῐι”ἐ
582 1880 644 1963 ἀέοῑ
671 1880 725 1916 Va
763 1884 872 1963 agana
896 1878 1111 1962 Kogfngly
1135 1877 1243 1960 &⁷705
1258 1926 1264 1970 Ι
1289 1880 1355 1937 Ἷ,10
1386 1879 1447 1937 δεῖ
1470 1877 1500 1961 lg
1524 1876 1592 1960 εἰεί.
1616 1881 1652 1912 εἴ

294 1940 482 1963 mrasm
570 1939 755 1964 πτειν
1096 1937 1111 1961 ⁸
1186 1936 1207 1961 o
1287 1938 1428 1961 αντν
1497 1938 1519 1961 ν
1575 1936 1590 1960 ι

298 1980 342 2012 12
369 1989 410 2022 γε
436 1976 482 2012 Vi
523 1931 530 1973 Ι
573 1979 618 2010 13
639 1935 756 2021 ιίῖεἲίξσῃ
781 1972 901 2020 λόγων
926 1974 961 2010 V
981 1974 1047 2008 sed
1072 1984 1114 2019 σῃ
1140 1975 1159 2008 λ
1184 1973 1225 2008 in
1250 1984 1310 2008 ras
1334 1938 1403 2008 111¹22
1451 1938 1520 2007 μιὸ
1546 1968 1649 2018 νομί-

295 2027 423 2066 ζουσιν
448 2022 625 2068 Εὔρυμόν
651 2035 735 2058 τινα
759 2021 910 2067 reposui
935 2031 956 2057 e
981 2020 1089 2056 libris
1113 2020 1180 2056 sed
1203 2019 1415 2066 νομίζουσιν
1439 2031 1501 2056 om
1527 2019 1579 2055 Vo

297 2069 476 2117 Εὔρυμόν
509 2084 596 2106 τινα
628 2070 820 2116 νομίζουσι
851 2068 952 2104 wolf
968 2070 974 2114 Ι
995 2074 1112 2104 ταῦτα
1140 2069 1176 2105 V
1201 2068 1266 2104 sed
1292 2082 1316 2103 α
1347 2068 1386 2103 in
1412 2078 1473 2102 ras
1499 2064 1544 2102 e’
1569 2077 1652 2103 corr

296 2119 354 2153 m⁶
413 2122 552 2155 15—18
578 2117 653 2153 ὁ-
669 2117 845 2163 Εὔρυμον
869 2117 966 2152 citat
999 2127 1066 2152 exo
1092 2115 1198 2162 Neap
1267 2119 1310 2151 16
1336 2114 1503 2162 διέβαλλε
1530 2114 1566 2151 V
1584 2113 1651 2150 sed

297 2168 375 2212 242)
400 2177 483 2202 eras
508 2166 565 2201 m‘
595 2164 742 2212 διέβαλε
772 2164 1014 2202 SViVindD
1040 2163 1147 2209 Neap
1232 2166 1276 2199 18
1311 2162 1451 2210 ἐγένετο
1478 2163 1514 2199 V
1545 2161 1611 2197 aed
1637 2174 1652 2197 ι

296 2214 337 2296 {n
362 2227 380 2250 ε
405 2225 487 2250 corr
511 2213 583 2298 m&
613 2213 727 2250 VaVo
760 2214 767 2259 Ι
808 2212 868 2248 ἐπὶ
894 2212 924 2249 S
946 2211 1012 2247 sed
1037 2225 1081 2258 γρ
1107 2211 1192 2255 περὶ
1218 2221 1393 2256 suprascr
1431 2209 1519 2255 περὶ
1542 2208 1650 2256 Neap

312 2263 457 2298 ortanae
480 2272 543 2298 rec
