1806 2964
614 190 886 228 EPISTULAE
913 194 1104 227 103—105
1206 205 1208 207 ’
1458 192 1546 236 105

164 305 254 362 περὶ
281 305 421 358 αὐτοῦ,
446 305 669 359 πεποίηκας
694 303 738 347 δὲ
763 303 984 359 οὐδέτερον.
1020 307 1058 345 2.
1084 299 1170 346 ἀλλ’
1195 302 1311 358 ἡμεῖς
1335 305 1548 360 γράφομέν

167 388 206 415 τε
231 372 299 414 καὶ
324 371 532 425 πέμπομεν
555 371 626 413 τὸν
651 370 929 427 παιδαγωγόν,
953 369 999 421 ὃς
1024 370 1100 413 οὐκ
1125 369 1171 428 ἐᾷ
1197 371 1368 426 γράφειν
1400 374 1544 426 μακρά.

166 437 218 481 ὃν
241 439 328 494 γάρ,
353 439 390 481 εἰ
413 437 481 479 καὶ
505 437 631 479 πολλὰ
656 438 727 481 τὸν
751 437 845 480 νέον
870 435 1065 494 ἐπῄνουν,
1089 436 1246 493 ἠρώτας
1270 437 1337 489 ἄν,
1362 438 1400 480 εί
1421 445 1546 480 ταῦτα

170 504 326 560 ἀληθῆ,
349 506 477 563 τούτῳ
502 503 659 558 βέλτιον
683 504 850 558 ἀφεῖναι
874 504 944 546 τὸν
969 502 1069 559 ὑπὲρ
1095 504 1248 546 τούτων
1273 504 1406 558 λόγον.

824 672 891 729 ps'.
1474 684 1524 720 W
1551 689 1622 721 104

629 762 710 801 Mo
719 758 878 818 δέστφ.
911 769 1084 816 (359160)
1583 778 1605 803 c»

234 849 271 885 1.
301 844 364 886 Οὐ
389 844 528 900 φεύγω
553 845 700 897 φίλους
725 843 769 886 ἐν
793 849 879 895 ταῖς
904 848 1108 900 ταραχαῖς,
1133 843 1156 886 ὃ
1197 850 1329 887 ποιεῖν
1353 846 1548 888 εἰώθασιν

171 911 215 952 οἱ
239 911 393 964 πολλοί,
417 914 579 961 πολλοῖς
603 910 648 953 δέ
677 926 721 966 γε
752 911 819 953 καὶ
854 911 909 966 μὴ
942 913 1077 965 φίλοις
1106 911 1307 967 παρέστην
1339 914 1548 968 θορυβου-

172 975 322 1031 μένοις,
347 977 446 1019 ὥστε
470 992 539 1032 μοι
562 984 680 1019 τοῦτο
711 977 901 1033 γενέσθαι
933 979 1070 1032 φιλίας
1095 977 1222 1034 ἀρχὴν
1252 979 1354 1035 πρὸς
1386 979 1547 1030 αὐτούς.

172 1046 211 1085 2.
237 1042 403 1099 Πιέριος
430 1042 474 1086 δὲ
498 1044 622 1085 πάλαι
645 1043 686 1086 τέ
710 1059 779 1097 μοι
804 1044 993 1099 συνήθης
1017 1044 1085 1087 καὶ
1104 1052 1184 1088 νῦν
1202 1045 1246 1087 ἐν
1271 1047 1446 1105 σπουδῇ,
1470 1045 1548 1088 κᾶν
1567 1057 1606 1083 1⁰

169 1111 331 1160 πλείους
357 1111 487 1160 αἰτίας
511 1111 628 1168 λάβῃ.
664 1118 746 1153 τῶν
775 1110 851 1167 γὰρ
883 1111 1048 1166 ἑτοίμως
1080 1112 1379 1166 διαβαλλόντων
1409 1113 1546 1156 πιστό-

171 1193 287 1233 τερον
310 1175 489 1233 ἡγοΰμαι
514 1176 584 1219 τὸν
608 1179 864 1234 παρελθόντα
888 1179 1054 1234 χρόνον,
1085 1178 1130 1221 ἐν
1155 1171 1187 1238 ᾧ
1209 1183 1341 1237 πολλῷ
1367 1179 1548 1235 γεγονότι

170 1247 321 1298 μᾶλλον
352 1243 486 1298 ἐφάνη
517 1244 639 1298 δόξης
664 1243 691 1298 ἢ
716 1245 929 1300 χρημάτων
963 1245 1189 1300 ἐπιθυμῶν.
1241 1248 1280 1288 3.
1312 1246 1439 1301 εἰμὲν
1471 1241 1547 1288 οὖν

171 1310 279 1360 ὅστις
313 1307 466 1368 ᾐτιάθη
499 1309 567 1352 καὶ
597 1310 883 1367 ἐξελήλεγκται,
915 1311 1095 1368 πονηρὸς
1126 1311 1200 1367 μὲν
1240 1308 1379 1367 οὗτος,
1406 1313 1548 1368 φεύγει

171 1378 269 1432 γάρ,
299 1376 478 1432 πονηρὸς
509 1375 553 1418 δὲ
583 1376 660 1433 ἐγὼ
692 1378 884 1433 φεύγοντι
914 1380 1102 1432 βοηθῶν·
1134 1380 1172 1421 εἰ
1201 1379 1245 1422 δὲ
1275 1379 1356 1434 ’ἤδη
1390 1396 1449 1430 τις
1479 1379 1548 1421 καὶ
1568 1390 1605 1418 ιει

172 1444 338 1499 φεύγων
370 1441 552 1498 ἀπέφυγε
589 1443 657 1486 καὶ
694 1445 854 1486 διώκων
885 1444 1109 1500 ἐκολάσθη,
1138 1447 1272 1489 δεινὸν
1312 1444 1434 1488 οὐδὲν
1464 1451 1548 1497 τοῖς

172 1510 217 1553 ἐν
242 1511 390 1559 αἰτίαις
409 1511 702 1565 συλλαμβάνειν
720 1508 815 1562 τοὺς
834 1513 997 1564 φίλους·
1017 1511 1072 1562 ὥς
1090 1512 1134 1554 ἐν
1153 1514 1357 1563 δικασταῖς
1377 1514 1549 1564 δικαίοις

173 1576 333 1628 ἕξουσιν
357 1575 511 1618 ἀνελεῖν
534 1576 606 1627 τὰς
630 1578 772 1628 αἰτίας.
816 1581 855 1620 4.
882 1578 933 1620 σὺ
968 1577 1012 1621 δὲ
1043 1578 1120 1621 κᾶν
1151 1580 1363 1630 συνεύξαιο
1394 1583 1479 1630 τοῖς
1503 1579 1550 1621 ἐν

172 1643 311 1699 ἀρχαῖς
345 1641 626 1696 ἐξητασμένοις
665 1651 850 1698 φανῆναι
882 1646 1099 1702 χρηστούς,
1138 1646 1247 1696 ὅπως
1286 1643 1391 1688 εἶναι
1422 1647 1549 1705 δοκῇς

171 1709 343 1766 ἀγαθῶν
367 1708 557 1763 ἀμείνων,
582 1706 632 1752 οὗ
657 1711 894 1753 τούναντίον
919 1711 963 1753 οἱ
981 1711 1100 1754 κακοὶ
1119 1713 1338 1754 σπεύδουσι
1361 1713 1548 1767 νομίζον·
1567 1723 1608 1750 20

172 1791 235 1826 τες
259 1775 304 1818 ἐν
327 1780 413 1825 ταῖς
437 1774 580 1832 ἐτέρων
604 1777 814 1832 αἰσχύναις
837 1777 987 1827 αὐτοὺς
1010 1779 1250 1821 συσκιάσειν.

246 1933 268 1966 ⁶
303 1930 372 1971 V11
394 1929 445 1976 α’,
469 1929 545 1971 πς’.
579 1931 635 1968 Va
658 1931 710 1979 β’,
734 1931 818 1980 [θ’].
851 1932 904 1969 Vo
929 1930 978 1979 β’,
1002 1935 1044 1970 θ.
1071 1932 1102 1969 S
1123 1930 1171 1971 δ’.
1196 1932 1262 1970 κε’.
1287 1944 1336 1979 pr

175 2049 443 2135 517⁶eSi⁰v⁰r⁸
468 2054 598 2098 228,3.
632 2051 752 2089 Seeck
779 2055 861 2089 214.
888 2055 970 2089 862.
1003 2051 1173 2090 Silomon
1199 2057 1246 2090 84
1327 2057 1373 2091 10
1398 2053 1447 2092 cf.
1467 2055 1495 2092 t.
1514 2054 1549 2091 11

247 2126 258 2143 ⁹

252 2223 274 2256 8
298 2226 420 2257 ταῦτα
445 2221 495 2261 V1
518 2220 586 2258 ned
617 2235 644 2258 α
674 2222 716 2258 in
742 2219 755 2235 '
789 2233 873 2259 corr
906 2222 964 2258 m'
1050 2227 1096 2260 16
1122 2223 1239 2261 οὐδὲν
1259 2189 1306 2262 {g
1323 2177 1467 2267 ξῗξςέἓ

753 2284 799 2317 γρ
824 2269 1000 2319 ἐξουσίαν

179 2318 224 2352 17
248 2315 313 2364 ὥς]
337 2314 418 2353 ὅσοι
444 2316 530 2353 coni
554 2316 612 2354 Re
687 2321 732 2355 18
758 2317 907 2363 ἕξουσιν
930 2319 962 2357 S
1031 2322 1078 2356 21
1104 2320 1246 2364 αὐτοὺς
1269 2321 1429 2359 VVaVo
1453 2320 1551 2370 οᾶᾱι

178 2366 390 2409 ‘concitent
413 2364 445 2402 S
