<?xml version="1.0" encoding="UTF-8"?>
<!DOCTYPE html PUBLIC "-//W3C//DTD XHTML 1.0 Transitional//EN"
    "http://www.w3.org/TR/xhtml1/DTD/xhtml1-transitional.dtd">
<html xmlns="http://www.w3.org/1999/xhtml" xml:lang="en" lang="en">
 <head>
  <title>
</title>
<meta http-equiv="Content-Type" content="text/html;charset=utf-8" />
  <meta name='ocr-system' content='tesseract 3.04.00' />
  <meta name='ocr-capabilities' content='ocr_page ocr_carea ocr_par ocr_line ocrx_word'/>
</head>
<body>
  <div class='ocr_page' id='page_1' title='image "./operarecensuitri10libauoft_0714.png"; bbox 0 0 1806 2964; ppageno 0'>
   <div class='ocr_carea' id='block_1_1' title="bbox 267 223 1030 268">
    <p class='ocr_par' dir='ltr' id='par_1_1' title="bbox 267 223 1030 268">
     <span class='ocr_line' id='line_1_1' title="bbox 267 223 1030 268; baseline -0.014 0"><span class='ocrx_word' id='word_1_1' title='bbox 267 226 353 268; x_wconf 83' lang='lat'><em>702</em></span> <span class='ocrx_word' id='word_1_2' title='bbox 847 223 1030 259; x_wconf 81' lang='lat' dir='ltr'>LIBANH</span> 
     </span>
    </p>
   </div>
   <div class='ocr_carea' id='block_1_2' title="bbox 194 331 1134 463">
    <p class='ocr_par' dir='ltr' id='par_1_2' title="bbox 194 331 1134 463">
     <span class='ocr_line' id='line_1_2' title="bbox 194 331 1002 387; baseline -0.01 -5"><span class='ocrx_word' id='word_1_3' title='bbox 194 345 243 381; x_wconf 88' lang='lat' dir='ltr'>W</span> <span class='ocrx_word' id='word_1_4' title='bbox 270 348 338 381; x_wconf 82' lang='grc'><em>689</em></span> <span class='ocrx_word' id='word_1_5' title='bbox 888 331 1002 387; x_wconf 84' lang='grc' dir='ltr'><em>ψοθ’.</em></span> 
     </span>
     <span class='ocr_line' id='line_1_3' title="bbox 754 407 1134 463; baseline 0.008 -16"><span class='ocrx_word' id='word_1_6' title='bbox 754 407 978 463; x_wconf 72' lang='grc' dir='ltr'><em>Μαξίμῳ.</em></span> <span class='ocrx_word' id='word_1_7' title='bbox 1028 416 1134 460; x_wconf 79' lang='lat'><em>(362)</em></span> 
     </span>
    </p>
   </div>
   <div class='ocr_carea' id='block_1_3' title="bbox 219 485 1652 1855">
    <p class='ocr_par' dir='ltr' id='par_1_3' title="bbox 270 485 1626 611">
     <span class='ocr_line' id='line_1_4' title="bbox 332 485 1621 543; baseline -0.002 -11"><span class='ocrx_word' id='word_1_8' title='bbox 332 495 368 533; x_wconf 87' lang='lat'><em>1.</em></span> <span class='ocrx_word' id='word_1_9' title='bbox 395 491 536 531; x_wconf 80' lang='grc' dir='ltr'><strong><em>Πάντα</em></strong></span> <span class='ocrx_word' id='word_1_10' title='bbox 562 502 635 532; x_wconf 90' lang='grc' dir='ltr'><em>σου</em></span> <span class='ocrx_word' id='word_1_11' title='bbox 659 489 759 530; x_wconf 83' lang='grc' dir='ltr'><em>καλὰ</em></span> <span class='ocrx_word' id='word_1_12' title='bbox 784 489 862 531; x_wconf 80' lang='grc' dir='ltr'><em>ἀπὸ</em></span> <span class='ocrx_word' id='word_1_13' title='bbox 886 496 957 542; x_wconf 81' lang='grc' dir='ltr'><em>τῆς</em></span> <span class='ocrx_word' id='word_1_14' title='bbox 981 495 1140 543; x_wconf 79' lang='grc' dir='ltr'><strong><em>μορφῆς</em></strong></span> <span class='ocrx_word' id='word_1_15' title='bbox 1157 489 1295 541; x_wconf 79' lang='grc' dir='ltr'><em>αὐτῆς,</em></span> <span class='ocrx_word' id='word_1_16' title='bbox 1319 491 1468 542; x_wconf 84' lang='grc' dir='ltr'><em>μᾶλλον</em></span> <span class='ocrx_word' id='word_1_17' title='bbox 1487 487 1529 530; x_wconf 79' lang='grc' dir='ltr'><em>δὲ</em></span> <span class='ocrx_word' id='word_1_18' title='bbox 1547 485 1621 530; x_wconf 78' lang='grc' dir='ltr'><em>ἀπ’</em></span> 
     </span>
     <span class='ocr_line' id='line_1_5' title="bbox 270 551 1626 611; baseline -0.001 -14"><span class='ocrx_word' id='word_1_19' title='bbox 270 557 393 610; x_wconf 78' lang='grc' dir='ltr'><em>αὐτῆς</em></span> <span class='ocrx_word' id='word_1_20' title='bbox 419 555 617 611; x_wconf 81' lang='grc' dir='ltr'><em>ἀρξάμενα</em></span> <span class='ocrx_word' id='word_1_21' title='bbox 641 562 712 608; x_wconf 81' lang='grc' dir='ltr'><em>τῆς</em></span> <span class='ocrx_word' id='word_1_22' title='bbox 735 561 880 609; x_wconf 82' lang='grc' dir='ltr'><em>ψυχῆς.</em></span> <span class='ocrx_word' id='word_1_23' title='bbox 917 560 996 595; x_wconf 84' lang='grc' dir='ltr'><em>νῦν</em></span> <span class='ocrx_word' id='word_1_24' title='bbox 1027 561 1127 609; x_wconf 85' lang='grc' dir='ltr'><em>γοῦν</em></span> <span class='ocrx_word' id='word_1_25' title='bbox 1157 553 1377 603; x_wconf 75' lang='grc' dir='ltr'><em>ἀκούοντας</em></span> <span class='ocrx_word' id='word_1_26' title='bbox 1406 551 1511 607; x_wconf 74' lang='grc' dir='ltr'><em>ἡμᾶς</em></span> <span class='ocrx_word' id='word_1_27' title='bbox 1534 553 1626 607; x_wconf 73' lang='grc' dir='ltr'><em>περὶ</em></span> 
     </span>
    </p>

    <p class='ocr_par' dir='ltr' id='par_1_4' title="bbox 219 618 1652 1855">
     <span class='ocr_line' id='line_1_6' title="bbox 234 618 1625 676; baseline -0.002 -13"><span class='ocrx_word' id='word_1_28' title='bbox 234 638 251 664; x_wconf 79' lang='lat'>5</span> <span class='ocrx_word' id='word_1_29' title='bbox 270 623 439 670; x_wconf 82' lang='grc' dir='ltr'><strong><em>κάλλους</em></strong></span> <span class='ocrx_word' id='word_1_30' title='bbox 463 621 603 670; x_wconf 85' lang='grc' dir='ltr'><em>κάλλος</em></span> <span class='ocrx_word' id='word_1_31' title='bbox 627 621 865 676; x_wconf 77' lang='grc' dir='ltr'><em>γραμμάτων</em></span> <span class='ocrx_word' id='word_1_32' title='bbox 889 621 1179 674; x_wconf 76' lang='grc' dir='ltr'><em>καταλαμβάνει</em></span> <span class='ocrx_word' id='word_1_33' title='bbox 1215 619 1318 661; x_wconf 87' lang='grc' dir='ltr'><em>πολὺ</em></span> <span class='ocrx_word' id='word_1_34' title='bbox 1355 618 1625 674; x_wconf 84' lang='grc' dir='ltr'><em>λαμπρότερον</em></span> 
     </span>
     <span class='ocr_line' id='line_1_7' title="bbox 270 679 1624 740; baseline -0.002 -12"><span class='ocrx_word' id='word_1_35' title='bbox 270 694 340 728; x_wconf 87' lang='grc' dir='ltr'><em>τοῦ</em></span> <span class='ocrx_word' id='word_1_36' title='bbox 367 687 554 735; x_wconf 82' lang='grc' dir='ltr'><em>πολλάκις</em></span> <span class='ocrx_word' id='word_1_37' title='bbox 579 686 768 735; x_wconf 79' lang='grc' dir='ltr'><em>ἐλθόντος</em></span> <span class='ocrx_word' id='word_1_38' title='bbox 793 685 871 727; x_wconf 82' lang='grc' dir='ltr'><em>ἀπὸ</em></span> <span class='ocrx_word' id='word_1_39' title='bbox 895 692 966 739; x_wconf 79' lang='grc' dir='ltr'><em>τῆς</em></span> <span class='ocrx_word' id='word_1_40' title='bbox 993 682 1209 740; x_wconf 82' lang='grc' dir='ltr'><em>Ἀρμενίας.</em></span> <span class='ocrx_word' id='word_1_41' title='bbox 1249 688 1288 726; x_wconf 83' lang='grc'><em>2.</em></span> <span class='ocrx_word' id='word_1_42' title='bbox 1314 683 1336 726; x_wconf 87' lang='grc' dir='ltr'>ὁ</span> <span class='ocrx_word' id='word_1_43' title='bbox 1361 683 1433 738; x_wconf 78' lang='grc' dir='ltr'><em>μὲν</em></span> <span class='ocrx_word' id='word_1_44' title='bbox 1457 679 1532 726; x_wconf 76' lang='grc' dir='ltr'><em>οὖν</em></span> <span class='ocrx_word' id='word_1_45' title='bbox 1555 700 1624 726; x_wconf 83' lang='grc' dir='ltr'><em>κο-</em></span> 
     </span>
     <span class='ocr_line' id='line_1_8' title="bbox 270 748 1623 807; baseline -0.002 -13"><span class='ocrx_word' id='word_1_46' title='bbox 270 754 392 805; x_wconf 83' lang='grc' dir='ltr'><em>μίζων</em></span> <span class='ocrx_word' id='word_1_47' title='bbox 426 748 493 806; x_wconf 80' lang='grc' dir='ltr'><em>ἦν,</em></span> <span class='ocrx_word' id='word_1_48' title='bbox 512 751 570 794; x_wconf 76' lang='grc' dir='ltr'><em>’ὃν</em></span> <span class='ocrx_word' id='word_1_49' title='bbox 602 751 775 804; x_wconf 86' lang='grc' dir='ltr'><em>διεδέξω,</em></span> <span class='ocrx_word' id='word_1_50' title='bbox 804 755 986 805; x_wconf 83' lang='grc' dir='ltr'><em>γενναῖος</em></span> <span class='ocrx_word' id='word_1_51' title='bbox 1016 752 1185 807; x_wconf 78' lang='grc' dir='ltr'><em>γενναίῳ</em></span> <span class='ocrx_word' id='word_1_52' title='bbox 1215 750 1419 805; x_wconf 79' lang='grc' dir='ltr'><em>παραδοὺς</em></span> <span class='ocrx_word' id='word_1_53' title='bbox 1447 749 1517 799; x_wconf 83' lang='grc' dir='ltr'><em>τὰς</em></span> <span class='ocrx_word' id='word_1_54' title='bbox 1550 750 1623 791; x_wconf 90' lang='grc' dir='ltr'><em>πό-</em></span> 
     </span>
     <span class='ocr_line' id='line_1_9' title="bbox 271 816 1627 871; baseline -0.002 -12"><span class='ocrx_word' id='word_1_55' title='bbox 271 823 360 868; x_wconf 87' lang='grc' dir='ltr'><em>λεις.</em></span> <span class='ocrx_word' id='word_1_56' title='bbox 399 818 520 859; x_wconf 80' lang='grc' dir='ltr'><em>ἔδωκε</em></span> <span class='ocrx_word' id='word_1_57' title='bbox 555 816 597 859; x_wconf 85' lang='grc' dir='ltr'><em>δὲ</em></span> <span class='ocrx_word' id='word_1_58' title='bbox 629 817 672 859; x_wconf 78' lang='grc' dir='ltr'><em>ἐν</em></span> <span class='ocrx_word' id='word_1_59' title='bbox 702 821 784 866; x_wconf 85' lang='grc' dir='ltr'><em>τοῖς</em></span> <span class='ocrx_word' id='word_1_60' title='bbox 815 817 1027 871; x_wconf 80' lang='grc' dir='ltr'><em>βασιλείοις</em></span> <span class='ocrx_word' id='word_1_61' title='bbox 1056 823 1225 869; x_wconf 83' lang='grc' dir='ltr'><em>ποιητοῦ</em></span> <span class='ocrx_word' id='word_1_62' title='bbox 1250 832 1357 865; x_wconf 90' lang='grc' dir='ltr'><em>τινος</em></span> <span class='ocrx_word' id='word_1_63' title='bbox 1382 816 1627 870; x_wconf 79' lang='grc' dir='ltr'><em>συνάγοντος</em></span> 
     </span>
     <span class='ocr_line' id='line_1_10' title="bbox 271 881 1628 937; baseline -0.002 -13"><span class='ocrx_word' id='word_1_64' title='bbox 271 885 365 933; x_wconf 82' lang='grc' dir='ltr'><em>τοὺς</em></span> <span class='ocrx_word' id='word_1_65' title='bbox 397 882 681 937; x_wconf 84' lang='grc' dir='ltr'><em>βοησομένους.</em></span> <span class='ocrx_word' id='word_1_66' title='bbox 718 881 793 937; x_wconf 78' lang='grc' dir='ltr'><em>ἐγὼ</em></span> <span class='ocrx_word' id='word_1_67' title='bbox 828 881 870 923; x_wconf 82' lang='grc' dir='ltr'><em>δὲ</em></span> <span class='ocrx_word' id='word_1_68' title='bbox 901 881 1101 936; x_wconf 79' lang='grc' dir='ltr'><em>ἀναγνοὺς</em></span> <span class='ocrx_word' id='word_1_69' title='bbox 1131 881 1198 922; x_wconf 78' lang='grc' dir='ltr'><em>καὶ</em></span> <span class='ocrx_word' id='word_1_70' title='bbox 1221 882 1434 935; x_wconf 81' lang='grc' dir='ltr'><em>θαυμάσας</em></span> <span class='ocrx_word' id='word_1_71' title='bbox 1455 881 1628 933; x_wconf 82' lang='grc' dir='ltr'><em>φθάσας</em></span> 
     </span>
     <span class='ocr_line' id='line_1_11' title="bbox 219 941 1627 1005; baseline -0.003 -14"><span class='ocrx_word' id='word_1_72' title='bbox 219 965 254 991; x_wconf 80' lang='grc' dir='ltr'><em>ιο</em></span> <span class='ocrx_word' id='word_1_73' title='bbox 273 950 343 991; x_wconf 90' lang='grc' dir='ltr'><em>τὸν</em></span> <span class='ocrx_word' id='word_1_74' title='bbox 367 948 539 1002; x_wconf 81' lang='grc' dir='ltr'><em>ποιητὴν</em></span> <span class='ocrx_word' id='word_1_75' title='bbox 563 949 788 1003; x_wconf 80' lang='grc' dir='ltr'><em>ἐχρησάμην</em></span> <span class='ocrx_word' id='word_1_76' title='bbox 813 948 869 997; x_wconf 81' lang='grc' dir='ltr'><em>εἰς</em></span> <span class='ocrx_word' id='word_1_77' title='bbox 898 947 945 988; x_wconf 85' lang='grc' dir='ltr'><em>τὰ</em></span> <span class='ocrx_word' id='word_1_78' title='bbox 975 947 1182 1002; x_wconf 89' lang='grc' dir='ltr'><em>γράμματα</em></span> <span class='ocrx_word' id='word_1_79' title='bbox 1206 951 1260 1005; x_wconf 79' lang='grc' dir='ltr'><em>τῷ</em></span> <span class='ocrx_word' id='word_1_80' title='bbox 1282 947 1456 1004; x_wconf 82' lang='grc' dir='ltr'><em>συλλόγῳ</em></span> <span class='ocrx_word' id='word_1_81' title='bbox 1481 945 1548 988; x_wconf 76' lang='grc' dir='ltr'><em>καὶ</em></span> <span class='ocrx_word' id='word_1_82' title='bbox 1572 941 1627 999; x_wconf 79' lang='grc' dir='ltr'><em>ἦν</em></span> 
     </span>
     <span class='ocr_line' id='line_1_12' title="bbox 273 1007 1628 1069; baseline -0.004 -13"><span class='ocrx_word' id='word_1_83' title='bbox 273 1015 404 1064; x_wconf 83' lang='grc' dir='ltr'><em>οὐδεὶς</em></span> <span class='ocrx_word' id='word_1_84' title='bbox 438 1014 482 1064; x_wconf 82' lang='grc' dir='ltr'><em>ὃς</em></span> <span class='ocrx_word' id='word_1_85' title='bbox 515 1014 682 1069; x_wconf 71' lang='grc' dir='ltr'><em>ἤνεγκεν</em></span> <span class='ocrx_word' id='word_1_86' title='bbox 716 1013 884 1055; x_wconf 83' lang='grc' dir='ltr'><em>ἀκοῦσαι</em></span> <span class='ocrx_word' id='word_1_87' title='bbox 918 1019 1019 1069; x_wconf 81' lang='grc' dir='ltr'><em>σιγῇ.</em></span> <span class='ocrx_word' id='word_1_88' title='bbox 1059 1015 1098 1054; x_wconf 85' lang='grc'><em>3.</em></span> <span class='ocrx_word' id='word_1_89' title='bbox 1132 1012 1261 1066; x_wconf 78' lang='grc' dir='ltr'><em>ὥσπερ</em></span> <span class='ocrx_word' id='word_1_90' title='bbox 1296 1007 1370 1055; x_wconf 76' lang='grc' dir='ltr'><em>οὖν</em></span> <span class='ocrx_word' id='word_1_91' title='bbox 1404 1011 1628 1059; x_wconf 78' lang='grc' dir='ltr'><em>ἐπιστολαῖς</em></span> 
     </span>
     <span class='ocr_line' id='line_1_13' title="bbox 272 1075 1628 1135; baseline -0.003 -14"><span class='ocrx_word' id='word_1_92' title='bbox 272 1080 472 1134; x_wconf 80' lang='grc' dir='ltr'><em>δευτέραις</em></span> <span class='ocrx_word' id='word_1_93' title='bbox 504 1079 694 1135; x_wconf 80' lang='grc' dir='ltr'><em>προτέρας</em></span> <span class='ocrx_word' id='word_1_94' title='bbox 725 1079 955 1132; x_wconf 80' lang='grc' dir='ltr'><em>νενίκηκας,</em></span> <span class='ocrx_word' id='word_1_95' title='bbox 985 1081 1070 1127; x_wconf 84' lang='grc' dir='ltr'><em>ταῖς</em></span> <span class='ocrx_word' id='word_1_96' title='bbox 1100 1077 1311 1132; x_wconf 86' lang='grc' dir='ltr'><em>πόρρωθεν</em></span> <span class='ocrx_word' id='word_1_97' title='bbox 1341 1077 1410 1127; x_wconf 88' lang='grc' dir='ltr'><em>τὰς</em></span> <span class='ocrx_word' id='word_1_98' title='bbox 1439 1075 1628 1132; x_wconf 75' lang='grc' dir='ltr'><em>ἐγγύθεν,</em></span> 
     </span>
     <span class='ocr_line' id='line_1_14' title="bbox 273 1140 1652 1201; baseline -0.003 -14"><span class='ocrx_word' id='word_1_99' title='bbox 273 1147 398 1195; x_wconf 75' lang='grc' dir='ltr'><em>οὕτως</em></span> <span class='ocrx_word' id='word_1_100' title='bbox 422 1145 548 1201; x_wconf 79' lang='grc' dir='ltr'><em>ἀρχὴν</em></span> <span class='ocrx_word' id='word_1_101' title='bbox 573 1145 672 1201; x_wconf 77' lang='grc' dir='ltr'><em>ἀρχὴ</em></span> <span class='ocrx_word' id='word_1_102' title='bbox 697 1144 910 1198; x_wconf 85' lang='grc' dir='ltr'><em>νικησάτω,</em></span> <span class='ocrx_word' id='word_1_103' title='bbox 933 1143 1001 1185; x_wconf 77' lang='grc' dir='ltr'><em>καὶ</em></span> <span class='ocrx_word' id='word_1_104' title='bbox 1024 1144 1194 1196; x_wconf 87' lang='grc' dir='ltr'><em>ποίησον</em></span> <span class='ocrx_word' id='word_1_105' title='bbox 1210 1140 1425 1198; x_wconf 75' lang='grc' dir='ltr'><em>Ἀρμενίων</em></span> <span class='ocrx_word' id='word_1_106' title='bbox 1448 1141 1630 1191; x_wconf 85' lang='grc' dir='ltr'><em>Γαλάτας</em></span> <span class='ocrx_word' id='word_1_107' title='bbox 1650 1150 1652 1152; x_wconf 84' lang='grc'><strong>’</strong></span> 
     </span>
     <span class='ocr_line' id='line_1_15' title="bbox 273 1206 1629 1266; baseline -0.004 -14"><span class='ocrx_word' id='word_1_108' title='bbox 273 1210 658 1266; x_wconf 81' lang='grc' dir='ltr'><em>εὐδαιμονεστέρους,</em></span> <span class='ocrx_word' id='word_1_109' title='bbox 692 1210 825 1251; x_wconf 85' lang='grc' dir='ltr'><em>αὐτῶν</em></span> <span class='ocrx_word' id='word_1_110' title='bbox 862 1209 905 1251; x_wconf 90' lang='grc' dir='ltr'><em>δέ</em></span> <span class='ocrx_word' id='word_1_111' title='bbox 942 1224 1010 1262; x_wconf 86' lang='grc' dir='ltr'><em>μοι</em></span> <span class='ocrx_word' id='word_1_112' title='bbox 1045 1212 1234 1250; x_wconf 85' lang='grc' dir='ltr'><em>Γαλατῶν</em></span> <span class='ocrx_word' id='word_1_113' title='bbox 1269 1206 1629 1261; x_wconf 77' lang='grc' dir='ltr'><em>εὐδαιμονεστάτην</em></span> 
     </span>
     <span class='ocr_line' id='line_1_16' title="bbox 220 1269 1629 1330; baseline -0.004 -11"><span class='ocrx_word' id='word_1_114' title='bbox 220 1293 256 1319; x_wconf 77' lang='lat'><em>15</em></span> <span class='ocrx_word' id='word_1_115' title='bbox 274 1278 379 1318; x_wconf 89' lang='grc' dir='ltr'><em>ποίει</em></span> <span class='ocrx_word' id='word_1_116' title='bbox 403 1275 632 1330; x_wconf 76' lang='grc' dir='ltr'><em>τὴνόίκίαν</em></span> <span class='ocrx_word' id='word_1_117' title='bbox 657 1276 851 1329; x_wconf 84' lang='grc' dir='ltr'><em>Μαξίμου</em></span> <span class='ocrx_word' id='word_1_118' title='bbox 876 1273 1065 1329; x_wconf 86' lang='grc' dir='ltr'><em>γυναικός</em></span> <span class='ocrx_word' id='word_1_119' title='bbox 1088 1290 1127 1315; x_wconf 91' lang='grc' dir='ltr'><em>τε</em></span> <span class='ocrx_word' id='word_1_120' title='bbox 1151 1280 1274 1327; x_wconf 82' lang='grc' dir='ltr'><em>τιμῶν</em></span> <span class='ocrx_word' id='word_1_121' title='bbox 1298 1269 1441 1328; x_wconf 76' lang='grc' dir='ltr'><em>ἀρετὴν</em></span> <span class='ocrx_word' id='word_1_122' title='bbox 1464 1271 1532 1314; x_wconf 80' lang='grc' dir='ltr'><em>καὶ</em></span> <span class='ocrx_word' id='word_1_123' title='bbox 1555 1271 1629 1314; x_wconf 76' lang='grc' dir='ltr'><em>ἄν·</em></span> 
     </span>
     <span class='ocr_line' id='line_1_17' title="bbox 273 1336 1631 1398; baseline -0.004 -14"><span class='ocrx_word' id='word_1_124' title='bbox 273 1343 368 1398; x_wconf 87' lang='grc' dir='ltr'><em>δρὸς</em></span> <span class='ocrx_word' id='word_1_125' title='bbox 391 1342 604 1384; x_wconf 74' lang='grc' dir='ltr'><em>ἐπιείκειαν</em></span> <span class='ocrx_word' id='word_1_126' title='bbox 628 1342 753 1383; x_wconf 85' lang='grc' dir='ltr'><em>παῖδά</em></span> <span class='ocrx_word' id='word_1_127' title='bbox 777 1356 816 1382; x_wconf 87' lang='grc' dir='ltr'><em>τε</em></span> <span class='ocrx_word' id='word_1_128' title='bbox 840 1341 910 1383; x_wconf 87' lang='grc' dir='ltr'><em>τὸν</em></span> <span class='ocrx_word' id='word_1_129' title='bbox 929 1340 1060 1382; x_wconf 77' lang='grc' dir='ltr'><em>αὐτῶν</em></span> <span class='ocrx_word' id='word_1_130' title='bbox 1084 1339 1161 1393; x_wconf 83' lang='grc' dir='ltr'><em>πρὸ</em></span> <span class='ocrx_word' id='word_1_131' title='bbox 1186 1339 1317 1380; x_wconf 74' lang='grc' dir='ltr'><em>αὐτῶν</em></span> <span class='ocrx_word' id='word_1_132' title='bbox 1347 1339 1508 1380; x_wconf 86' lang='grc' dir='ltr'><em>πάντων</em></span> <span class='ocrx_word' id='word_1_133' title='bbox 1533 1336 1631 1382; x_wconf 78' lang='grc' dir='ltr'><em>ὄντα</em></span> 
     </span>
     <span class='ocr_line' id='line_1_18' title="bbox 273 1403 1630 1461; baseline -0.004 -11"><span class='ocrx_word' id='word_1_134' title='bbox 273 1408 360 1461; x_wconf 76' lang='grc' dir='ltr'><em>ἐμοὶ</em></span> <span class='ocrx_word' id='word_1_135' title='bbox 384 1409 583 1460; x_wconf 86' lang='grc' dir='ltr'><em>φίλτατον.</em></span> <span class='ocrx_word' id='word_1_136' title='bbox 619 1411 657 1449; x_wconf 89' lang='grc'><em>4.</em></span> <span class='ocrx_word' id='word_1_137' title='bbox 682 1406 749 1449; x_wconf 84' lang='grc' dir='ltr'><em>καὶ</em></span> <span class='ocrx_word' id='word_1_138' title='bbox 775 1408 946 1460; x_wconf 79' lang='grc' dir='ltr'><em>διῆλθον</em></span> <span class='ocrx_word' id='word_1_139' title='bbox 970 1405 1022 1447; x_wconf 77' lang='grc' dir='ltr'><em>ἂν</em></span> <span class='ocrx_word' id='word_1_140' title='bbox 1045 1405 1115 1455; x_wconf 83' lang='grc' dir='ltr'><em>τὰς</em></span> <span class='ocrx_word' id='word_1_141' title='bbox 1138 1405 1278 1457; x_wconf 87' lang='grc' dir='ltr'><em>αἰτίας,</em></span> <span class='ocrx_word' id='word_1_142' title='bbox 1308 1405 1345 1446; x_wconf 81' lang='grc' dir='ltr'><em>εἰ</em></span> <span class='ocrx_word' id='word_1_143' title='bbox 1373 1403 1428 1457; x_wconf 77' lang='grc' dir='ltr'><em>μὴ</em></span> <span class='ocrx_word' id='word_1_144' title='bbox 1451 1403 1630 1460; x_wconf 86' lang='grc' dir='ltr'><em>παρόντα</em></span> 
     </span>
     <span class='ocr_line' id='line_1_19' title="bbox 275 1469 1630 1530; baseline -0.004 -15"><span class='ocrx_word' id='word_1_145' title='bbox 275 1475 438 1524; x_wconf 79' lang='grc' dir='ltr'><em>διδάξας</em></span> <span class='ocrx_word' id='word_1_146' title='bbox 470 1469 539 1526; x_wconf 73' lang='grc' dir='ltr'><em>ἦν·</em></span> <span class='ocrx_word' id='word_1_147' title='bbox 577 1481 654 1515; x_wconf 84' lang='grc' dir='ltr'><em>νῦν</em></span> <span class='ocrx_word' id='word_1_148' title='bbox 687 1469 724 1514; x_wconf 89' lang='grc' dir='ltr'><em>δ’</em></span> <span class='ocrx_word' id='word_1_149' title='bbox 750 1469 918 1530; x_wconf 77' lang='grc' dir='ltr'><em>’Λκακίῳ</em></span> <span class='ocrx_word' id='word_1_150' title='bbox 952 1470 1024 1525; x_wconf 75' lang='grc' dir='ltr'><em>μὲν</em></span> <span class='ocrx_word' id='word_1_151' title='bbox 1054 1471 1132 1513; x_wconf 79' lang='grc' dir='ltr'><em>ἔδει</em></span> <span class='ocrx_word' id='word_1_152' title='bbox 1164 1470 1333 1524; x_wconf 87' lang='grc' dir='ltr'><em>πέμπειν</em></span> <span class='ocrx_word' id='word_1_153' title='bbox 1362 1469 1407 1511; x_wconf 76' lang='grc' dir='ltr'><em>ἐν</em></span> <span class='ocrx_word' id='word_1_154' title='bbox 1429 1470 1630 1525; x_wconf 83' lang='grc' dir='ltr'><em>γράμμασι</em></span> 
     </span>
     <span class='ocr_line' id='line_1_20' title="bbox 274 1533 1632 1594; baseline -0.004 -13"><span class='ocrx_word' id='word_1_155' title='bbox 274 1539 441 1594; x_wconf 80' lang='grc' dir='ltr'><em>διδαχὴν</em></span> <span class='ocrx_word' id='word_1_156' title='bbox 465 1539 532 1581; x_wconf 71' lang='grc' dir='ltr'><em>καὶ</em></span> <span class='ocrx_word' id='word_1_157' title='bbox 562 1539 768 1593; x_wconf 83' lang='grc' dir='ltr'><em>μηκύνειν,</em></span> <span class='ocrx_word' id='word_1_158' title='bbox 799 1537 934 1593; x_wconf 77' lang='grc' dir='ltr'><em>ἠγνόει</em></span> <span class='ocrx_word' id='word_1_159' title='bbox 965 1537 1058 1592; x_wconf 86' lang='grc' dir='ltr'><em>γάρ·</em></span> <span class='ocrx_word' id='word_1_160' title='bbox 1091 1537 1140 1577; x_wconf 85' lang='grc' dir='ltr'><em>σὺ</em></span> <span class='ocrx_word' id='word_1_161' title='bbox 1172 1534 1208 1576; x_wconf 71' lang='grc' dir='ltr'><em>δ’</em></span> <span class='ocrx_word' id='word_1_162' title='bbox 1237 1534 1418 1589; x_wconf 78' lang='grc' dir='ltr'><em>ἀκηκοὼς</em></span> <span class='ocrx_word' id='word_1_163' title='bbox 1451 1533 1632 1589; x_wconf 77' lang='grc' dir='ltr'><em>ἐξῆλθες,</em></span> 
     </span>
     <span class='ocr_line' id='line_1_21' title="bbox 219 1594 1631 1659; baseline -0.004 -12"><span class='ocrx_word' id='word_1_164' title='bbox 219 1620 255 1647; x_wconf 72' lang='lat'><em>20</em></span> <span class='ocrx_word' id='word_1_165' title='bbox 274 1605 340 1646; x_wconf 79' lang='grc' dir='ltr'><em>καὶ</em></span> <span class='ocrx_word' id='word_1_166' title='bbox 366 1605 489 1659; x_wconf 88' lang='grc' dir='ltr'><em>λέγειν</em></span> <span class='ocrx_word' id='word_1_167' title='bbox 516 1603 683 1659; x_wconf 79' lang='grc' dir='ltr'><em>ὀχληρὸν</em></span> <span class='ocrx_word' id='word_1_168' title='bbox 702 1603 832 1645; x_wconf 82' lang='grc' dir='ltr'><em>εἰδότι.</em></span> <span class='ocrx_word' id='word_1_169' title='bbox 869 1606 908 1644; x_wconf 87' lang='grc'><em>5.</em></span> <span class='ocrx_word' id='word_1_170' title='bbox 932 1602 1033 1658; x_wconf 88' lang='grc' dir='ltr'><em>πρὸς</em></span> <span class='ocrx_word' id='word_1_171' title='bbox 1057 1600 1128 1655; x_wconf 81' lang='grc' dir='ltr'><em>μὲν</em></span> <span class='ocrx_word' id='word_1_172' title='bbox 1153 1596 1228 1643; x_wconf 80' lang='grc' dir='ltr'><em>οὗν</em></span> <span class='ocrx_word' id='word_1_173' title='bbox 1252 1600 1404 1642; x_wconf 81' lang='grc' dir='ltr'><em>ἐκεῖνον</em></span> <span class='ocrx_word' id='word_1_174' title='bbox 1428 1600 1504 1642; x_wconf 76' lang='grc' dir='ltr'><em>οὐκ</em></span> <span class='ocrx_word' id='word_1_175' title='bbox 1528 1594 1631 1642; x_wconf 75' lang='grc' dir='ltr'><em>οὖσά</em></span> 
     </span>
     <span class='ocr_line' id='line_1_22' title="bbox 275 1666 1632 1726; baseline -0.004 -14"><span class='ocrx_word' id='word_1_176' title='bbox 275 1686 343 1723; x_wconf 90' lang='grc' dir='ltr'><em>μοι</em></span> <span class='ocrx_word' id='word_1_177' title='bbox 376 1671 566 1726; x_wconf 85' lang='grc' dir='ltr'><em>πρότερον</em></span> <span class='ocrx_word' id='word_1_178' title='bbox 601 1669 749 1724; x_wconf 78' lang='grc' dir='ltr'><em>ἐγένετο</em></span> <span class='ocrx_word' id='word_1_179' title='bbox 784 1668 897 1721; x_wconf 85' lang='grc' dir='ltr'><em>φιλία</em></span> <span class='ocrx_word' id='word_1_180' title='bbox 928 1667 994 1709; x_wconf 83' lang='grc' dir='ltr'><em>διὰ</em></span> <span class='ocrx_word' id='word_1_181' title='bbox 1026 1667 1099 1721; x_wconf 82' lang='grc' dir='ltr'><em>τὴν</em></span> <span class='ocrx_word' id='word_1_182' title='bbox 1132 1668 1188 1716; x_wconf 87' lang='grc' dir='ltr'><em>εἰς</em></span> <span class='ocrx_word' id='word_1_183' title='bbox 1217 1672 1359 1707; x_wconf 77' lang='grc' dir='ltr'><em>τοῦτον</em></span> <span class='ocrx_word' id='word_1_184' title='bbox 1382 1666 1632 1720; x_wconf 76' lang='grc' dir='ltr'><em>προθυμίαν,</em></span> 
     </span>
     <span class='ocr_line' id='line_1_23' title="bbox 274 1730 1629 1788; baseline -0.004 -11"><span class='ocrx_word' id='word_1_185' title='bbox 274 1736 341 1776; x_wconf 80' lang='grc' dir='ltr'><em>καὶ</em></span> <span class='ocrx_word' id='word_1_186' title='bbox 366 1743 443 1777; x_wconf 84' lang='grc' dir='ltr'><em>νῦν</em></span> <span class='ocrx_word' id='word_1_187' title='bbox 468 1735 543 1776; x_wconf 81' lang='grc' dir='ltr'><em>οὐκ</em></span> <span class='ocrx_word' id='word_1_188' title='bbox 566 1735 671 1776; x_wconf 79' lang='grc' dir='ltr'><em>ἔστιν</em></span> <span class='ocrx_word' id='word_1_189' title='bbox 697 1735 719 1776; x_wconf 82' lang='grc' dir='ltr'>ὅ</span> <span class='ocrx_word' id='word_1_190' title='bbox 743 1750 780 1775; x_wconf 94' lang='grc' dir='ltr'><em>τι</em></span> <span class='ocrx_word' id='word_1_191' title='bbox 803 1734 1025 1788; x_wconf 82' lang='grc' dir='ltr'><em>προστάξας</em></span> <span class='ocrx_word' id='word_1_192' title='bbox 1042 1730 1227 1781; x_wconf 84' lang='grc' dir='ltr'><em>Ἀκάκιος</em></span> <span class='ocrx_word' id='word_1_193' title='bbox 1251 1731 1300 1773; x_wconf 80' lang='grc' dir='ltr'><em>οὐ</em></span> <span class='ocrx_word' id='word_1_194' title='bbox 1324 1731 1444 1773; x_wconf 85' lang='grc' dir='ltr'><em>πλείω</em></span> <span class='ocrx_word' id='word_1_195' title='bbox 1470 1745 1516 1784; x_wconf 85' lang='grc' dir='ltr'><em>με</em></span> <span class='ocrx_word' id='word_1_196' title='bbox 1539 1745 1629 1771; x_wconf 86' lang='grc' dir='ltr'><em>ποι-</em></span> 
     </span>
     <span class='ocr_line' id='line_1_24' title="bbox 275 1791 1631 1855; baseline -0.004 -13"><span class='ocrx_word' id='word_1_197' title='bbox 275 1809 397 1843; x_wconf 80' lang='grc' dir='ltr'><em>οῦντα</em></span> <span class='ocrx_word' id='word_1_198' title='bbox 422 1801 593 1854; x_wconf 80' lang='grc' dir='ltr'><em>εὑρήσει,</em></span> <span class='ocrx_word' id='word_1_199' title='bbox 618 1801 764 1855; x_wconf 88' lang='grc' dir='ltr'><em>μεγάλα</em></span> <span class='ocrx_word' id='word_1_200' title='bbox 788 1799 863 1854; x_wconf 81' lang='grc' dir='ltr'><em>γὰρ</em></span> <span class='ocrx_word' id='word_1_201' title='bbox 884 1798 1056 1851; x_wconf 86' lang='grc' dir='ltr'><em>ὀφείλειν</em></span> <span class='ocrx_word' id='word_1_202' title='bbox 1075 1797 1264 1853; x_wconf 77' lang='grc' dir='ltr'><em>ἡγοῦμαι·</em></span> <span class='ocrx_word' id='word_1_203' title='bbox 1291 1797 1341 1838; x_wconf 79' lang='grc' dir='ltr'><em>σὺ</em></span> <span class='ocrx_word' id='word_1_204' title='bbox 1367 1792 1421 1850; x_wconf 90' lang='grc' dir='ltr'><em>δ’,</em></span> <span class='ocrx_word' id='word_1_205' title='bbox 1441 1791 1472 1837; x_wconf 80' lang='grc' dir='ltr'>ὦ</span> <span class='ocrx_word' id='word_1_206' title='bbox 1491 1795 1631 1849; x_wconf 90' lang='grc' dir='ltr'><em>δαιμό-</em></span> 
     </span>
    </p>
   </div>
   <div class='ocr_carea' id='block_1_4' title="bbox 349 1898 1522 1951">
    <p class='ocr_par' dir='ltr' id='par_1_5' title="bbox 349 1898 1522 1951">
     <span class='ocr_line' id='line_1_25' title="bbox 349 1898 1522 1951; baseline -0.004 -11"><span class='ocrx_word' id='word_1_207' title='bbox 349 1909 367 1940; x_wconf 89' lang='grc'><strong>1</strong></span> <span class='ocrx_word' id='word_1_208' title='bbox 403 1904 469 1940; x_wconf 89' lang='lat' dir='ltr'><em>V11</em></span> <span class='ocrx_word' id='word_1_209' title='bbox 490 1903 537 1951; x_wconf 84' lang='grc' dir='ltr'><em>β’,</em></span> <span class='ocrx_word' id='word_1_210' title='bbox 563 1903 648 1948; x_wconf 79' lang='grc' dir='ltr'><em>ροε’.</em></span> <span class='ocrx_word' id='word_1_211' title='bbox 681 1903 738 1939; x_wconf 84' lang='lat' dir='ltr'><em>Va</em></span> <span class='ocrx_word' id='word_1_212' title='bbox 762 1901 804 1947; x_wconf 76' lang='grc' dir='ltr'><em>ζ’,</em></span> <span class='ocrx_word' id='word_1_213' title='bbox 829 1901 919 1948; x_wconf 80' lang='grc' dir='ltr'><em>ρξς’.</em></span> <span class='ocrx_word' id='word_1_214' title='bbox 952 1902 1004 1939; x_wconf 86' lang='lat' dir='ltr'><em>Vo</em></span> <span class='ocrx_word' id='word_1_215' title='bbox 1029 1901 1099 1948; x_wconf 73' lang='grc' dir='ltr'>(ζ’),</span> <span class='ocrx_word' id='word_1_216' title='bbox 1125 1900 1212 1946; x_wconf 83' lang='grc' dir='ltr'><em>ρξς’.</em></span> <span class='ocrx_word' id='word_1_217' title='bbox 1241 1900 1370 1937; x_wconf 80' lang='lat' dir='ltr'><strong><em>Mo.S</em></strong></span> <span class='ocrx_word' id='word_1_218' title='bbox 1392 1898 1438 1946; x_wconf 77' lang='grc' dir='ltr'><em>γ’,</em></span> <span class='ocrx_word' id='word_1_219' title='bbox 1462 1898 1522 1936; x_wconf 77' lang='grc' dir='ltr'><em>κδ’</em></span> 
     </span>
    </p>
   </div>
   <div class='ocr_carea' id='block_1_5' title="bbox 278 1876 565 1883">
    <p class='ocr_par' dir='ltr' id='par_1_6' title="bbox 278 1876 565 1883">
     <span class='ocr_line' id='line_1_26' title="bbox 278 1876 565 1883; baseline 0 0"><span class='ocrx_word' id='word_1_220' title='bbox 278 1876 565 1883; x_wconf 95' lang='lat' dir='ltr'><em> </em></span> 
     </span>
    </p>
   </div>
   <div class='ocr_carea' id='block_1_6' title="bbox 276 1971 564 1979">
    <p class='ocr_par' dir='ltr' id='par_1_7' title="bbox 276 1971 564 1979">
     <span class='ocr_line' id='line_1_27' title="bbox 276 1971 564 1979; baseline 0 0"><span class='ocrx_word' id='word_1_221' title='bbox 276 1971 564 1979; x_wconf 95' lang='lat' dir='ltr'><em> </em></span> 
     </span>
    </p>
   </div>
   <div class='ocr_carea' id='block_1_7' title="bbox 275 1993 1632 2093">
    <p class='ocr_par' dir='ltr' id='par_1_8' title="bbox 275 1993 1632 2093">
     <span class='ocr_line' id='line_1_28' title="bbox 349 1993 1632 2043; baseline -0.005 -8"><span class='ocrx_word' id='word_1_222' title='bbox 349 2004 369 2035; x_wconf 82' lang='grc'><strong>2</strong></span> <span class='ocrx_word' id='word_1_223' title='bbox 396 1999 540 2035; x_wconf 81' lang='lat' dir='ltr'><strong>Sievers</strong></span> <span class='ocrx_word' id='word_1_224' title='bbox 567 2002 647 2043; x_wconf 79' lang='lat'>230,</span> <span class='ocrx_word' id='word_1_225' title='bbox 669 2002 702 2034; x_wconf 83' lang='grc'><em>9.</em></span> <span class='ocrx_word' id='word_1_226' title='bbox 729 1998 847 2034; x_wconf 83' lang='lat' dir='ltr'><strong>Seeck</strong></span> <span class='ocrx_word' id='word_1_227' title='bbox 873 2001 940 2033; x_wconf 74' lang='lat'><em>207</em></span> <span class='ocrx_word' id='word_1_228' title='bbox 962 1996 1022 2034; x_wconf 87' lang='lat' dir='ltr'><em>VI.</em></span> <span class='ocrx_word' id='word_1_229' title='bbox 1044 2000 1112 2033; x_wconf 78' lang='lat'><em>895</em></span> <span class='ocrx_word' id='word_1_230' title='bbox 1181 1999 1203 2032; x_wconf 78' lang='lat'><strong>⁶</strong></span> <span class='ocrx_word' id='word_1_231' title='bbox 1228 1995 1388 2031; x_wconf 75' lang='lat' dir='ltr'><strong>Aeacius</strong></span> <span class='ocrx_word' id='word_1_232' title='bbox 1406 1995 1424 2031; x_wconf 95' lang='lat' dir='ltr'>I</span> <span class='ocrx_word' id='word_1_233' title='bbox 1483 1997 1527 2030; x_wconf 76' lang='grc'><em>16</em></span> <span class='ocrx_word' id='word_1_234' title='bbox 1552 1993 1632 2039; x_wconf 76' lang='lat' dir='ltr'><em>Hy-</em></span> 
     </span>
     <span class='ocr_line' id='line_1_29' title="bbox 275 2046 491 2093; baseline -0.005 -10"><span class='ocrx_word' id='word_1_235' title='bbox 275 2046 491 2093; x_wconf 71' lang='lat' dir='ltr'><strong>pez-echium</strong></span> 
     </span>
    </p>
   </div>
   <div class='ocr_carea' id='block_1_8' title="bbox 275 2114 562 2122">
    <p class='ocr_par' dir='ltr' id='par_1_9' title="bbox 275 2114 562 2122">
     <span class='ocr_line' id='line_1_30' title="bbox 275 2114 562 2122; baseline 0 842"><span class='ocrx_word' id='word_1_236' title='bbox 275 2114 562 2122; x_wconf 95' lang='lat' dir='ltr'><em> </em></span> 
     </span>
    </p>
   </div>
   <div class='ocr_carea' id='block_1_9' title="bbox 277 2136 1636 2512">
    <p class='ocr_par' dir='ltr' id='par_1_10' title="bbox 277 2136 1636 2512">
     <span class='ocr_line' id='line_1_31' title="bbox 349 2136 1634 2188; baseline -0.005 -10"><span class='ocrx_word' id='word_1_237' title='bbox 349 2147 372 2178; x_wconf 81' lang='lat'>4</span> <span class='ocrx_word' id='word_1_238' title='bbox 397 2142 576 2188; x_wconf 79' lang='grc' dir='ltr'><em>ἡμᾶς-6</em></span> <span class='ocrx_word' id='word_1_239' title='bbox 603 2144 676 2186; x_wconf 84' lang='grc' dir='ltr'><em>λαμ</em></span> <span class='ocrx_word' id='word_1_240' title='bbox 700 2141 740 2176; x_wconf 83' lang='lat' dir='ltr'><em>in</em></span> <span class='ocrx_word' id='word_1_241' title='bbox 763 2152 870 2188; x_wconf 81' lang='lat' dir='ltr'><strong>marg</strong></span> <span class='ocrx_word' id='word_1_242' title='bbox 896 2140 944 2178; x_wconf 85' lang='lat' dir='ltr'><em>V⁴</em></span> <span class='ocrx_word' id='word_1_243' title='bbox 980 2151 1042 2176; x_wconf 88' lang='lat' dir='ltr'><em>om</em></span> <span class='ocrx_word' id='word_1_244' title='bbox 1066 2139 1096 2176; x_wconf 80' lang='lat' dir='ltr'><strong><em>S</em></strong></span> <span class='ocrx_word' id='word_1_245' title='bbox 1153 2142 1175 2175; x_wconf 79' lang='lat'><strong>6</strong></span> <span class='ocrx_word' id='word_1_246' title='bbox 1191 2138 1325 2180; x_wconf 74' lang='grc' dir='ltr'><em>κάλλος</em></span> <span class='ocrx_word' id='word_1_247' title='bbox 1348 2136 1490 2174; x_wconf 73' lang='lat' dir='ltr'><strong>inserui</strong></span> <span class='ocrx_word' id='word_1_248' title='bbox 1514 2146 1535 2173; x_wconf 81' lang='grc' dir='ltr'><em>ο</em></span> <span class='ocrx_word' id='word_1_249' title='bbox 1562 2137 1634 2173; x_wconf 81' lang='lat' dir='ltr'><em>Mo</em></span> 
     </span>
     <span class='ocr_line' id='line_1_32' title="bbox 302 2183 1632 2234; baseline -0.006 -8"><span class='ocrx_word' id='word_1_250' title='bbox 302 2201 364 2226; x_wconf 89' lang='lat' dir='ltr'><em>om</em></span> <span class='ocrx_word' id='word_1_251' title='bbox 387 2190 428 2225; x_wconf 89' lang='lat' dir='ltr'><em>in</em></span> <span class='ocrx_word' id='word_1_252' title='bbox 452 2189 511 2225; x_wconf 79' lang='lat' dir='ltr'><em>lac</em></span> <span class='ocrx_word' id='word_1_253' title='bbox 535 2190 612 2225; x_wconf 79' lang='lat' dir='ltr'><strong>fero</strong></span> <span class='ocrx_word' id='word_1_254' title='bbox 637 2194 659 2225; x_wconf 80' lang='grc' dir='ltr'>ὁ</span> <span class='ocrx_word' id='word_1_255' title='bbox 684 2188 749 2225; x_wconf 77' lang='lat' dir='ltr'><strong>litt</strong></span> <span class='ocrx_word' id='word_1_256' title='bbox 775 2188 840 2232; x_wconf 73' lang='lat'><em>1⁷⁴,</em></span> <span class='ocrx_word' id='word_1_257' title='bbox 864 2188 906 2224; x_wconf 89' lang='lat' dir='ltr'><em>in</em></span> <span class='ocrx_word' id='word_1_258' title='bbox 929 2187 989 2223; x_wconf 72' lang='lat' dir='ltr'><em>lac</em></span> <span class='ocrx_word' id='word_1_259' title='bbox 1014 2190 1132 2223; x_wconf 73' lang='lat'><strong>9—10</strong></span> <span class='ocrx_word' id='word_1_260' title='bbox 1157 2188 1231 2231; x_wconf 85' lang='lat' dir='ltr'><em>Va,</em></span> <span class='ocrx_word' id='word_1_261' title='bbox 1258 2190 1302 2223; x_wconf 76' lang='lat'><em>18</em></span> <span class='ocrx_word' id='word_1_262' title='bbox 1329 2183 1531 2234; x_wconf 16' lang='lat' dir='ltr'><strong>Vo‚⁴W01f</strong></span> <span class='ocrx_word' id='word_1_263' title='bbox 1564 2188 1632 2219; x_wconf 81' lang='grc' dir='ltr'><em>σοῦ</em></span> 
     </span>
     <span class='ocr_line' id='line_1_33' title="bbox 277 2230 1635 2320; baseline -0.006 2"><span class='ocrx_word' id='word_1_264' title='bbox 277 2236 505 2306; x_wconf 52' lang='lat' dir='ltr'><em>ww</em></span> <span class='ocrx_word' id='word_1_265' title='bbox 769 2239 835 2320; x_wconf 59' lang='lat'><em>,03</em></span> <span class='ocrx_word' id='word_1_266' title='bbox 857 2233 1175 2320; x_wconf 51' lang='grc' dir='ltr'><em>ἐεμῑςέαςῐὲι</em></span> <span class='ocrx_word' id='word_1_267' title='bbox 1198 2237 1262 2317; x_wconf 65' lang='lat'><em>„2</em></span> <span class='ocrx_word' id='word_1_268' title='bbox 1283 2232 1436 2318; x_wconf 38' lang='grc' dir='ltr'><em>τρεῖς</em></span> <span class='ocrx_word' id='word_1_269' title='bbox 1456 2230 1635 2316; x_wconf 54' lang='lat' dir='ltr'><em>‚2⁸23ss</em></span> 
     </span>
     <span class='ocr_line' id='line_1_34' title="bbox 277 2288 1636 2378; baseline -0.005 -10"><span class='ocrx_word' id='word_1_270' title='bbox 277 2296 362 2368; x_wconf 50' lang='lat'><em>22?</em></span> <span class='ocrx_word' id='word_1_271' title='bbox 362 2297 431 2369; x_wconf 55' lang='lat'><em>152·</em></span> <span class='ocrx_word' id='word_1_272' title='bbox 523 2288 571 2368; x_wconf 52' lang='lat'><em>{2</em></span> <span class='ocrx_word' id='word_1_273' title='bbox 610 2297 773 2378; x_wconf 55' lang='grc' dir='ltr'><em>ἕζιῗιύθεν</em></span> <span class='ocrx_word' id='word_1_274' title='bbox 807 2330 941 2376; x_wconf 80' lang='lat' dir='ltr'><strong>scripsi</strong></span> <span class='ocrx_word' id='word_1_275' title='bbox 978 2297 1001 2366; x_wconf 76' lang='grc' dir='ltr'><em>οι</em></span> <span class='ocrx_word' id='word_1_276' title='bbox 1030 2329 1164 2366; x_wconf 84' lang='lat' dir='ltr'><em>VaMo</em></span> <span class='ocrx_word' id='word_1_277' title='bbox 1213 2329 1232 2365; x_wconf 71' lang='grc' dir='ltr'><strong><em>ἐ</em></strong></span> <span class='ocrx_word' id='word_1_278' title='bbox 1278 2328 1323 2369; x_wconf 74' lang='grc' dir='ltr'><em>ύς</em></span> <span class='ocrx_word' id='word_1_279' title='bbox 1354 2328 1390 2364; x_wconf 87' lang='lat' dir='ltr'><strong><em>V</em></strong></span> <span class='ocrx_word' id='word_1_280' title='bbox 1427 2326 1493 2363; x_wconf 81' lang='lat' dir='ltr'><em>sed</em></span> <span class='ocrx_word' id='word_1_281' title='bbox 1535 2325 1636 2362; x_wconf 64' lang='grc' dir='ltr'><em>«ὅθεν</em></span> 
     </span>
     <span class='ocr_line' id='line_1_35' title="bbox 279 2372 1634 2426; baseline -0.006 -10"><span class='ocrx_word' id='word_1_282' title='bbox 279 2391 453 2426; x_wconf 74' lang='lat' dir='ltr'><strong>suprascr</strong></span> <span class='ocrx_word' id='word_1_283' title='bbox 476 2380 544 2423; x_wconf 86' lang='lat' dir='ltr'><em>m⁴‚</em></span> <span class='ocrx_word' id='word_1_284' title='bbox 570 2380 622 2416; x_wconf 89' lang='lat' dir='ltr'><em>Vo</em></span> <span class='ocrx_word' id='word_1_285' title='bbox 648 2378 715 2415; x_wconf 83' lang='lat' dir='ltr'><em>sed</em></span> <span class='ocrx_word' id='word_1_286' title='bbox 733 2378 793 2414; x_wconf 76' lang='lat' dir='ltr'><em>lae</em></span> <span class='ocrx_word' id='word_1_287' title='bbox 819 2382 839 2414; x_wconf 79' lang='lat'>2</span> <span class='ocrx_word' id='word_1_288' title='bbox 859 2378 924 2414; x_wconf 71' lang='lat' dir='ltr'><strong>litt</strong></span> <span class='ocrx_word' id='word_1_289' title='bbox 947 2379 1036 2424; x_wconf 74' lang='lat' dir='ltr'><strong>post</strong></span> <span class='ocrx_word' id='word_1_290' title='bbox 1053 2391 1084 2422; x_wconf 78' lang='grc' dir='ltr'><em>ς,</em></span> <span class='ocrx_word' id='word_1_291' title='bbox 1109 2376 1139 2413; x_wconf 86' lang='lat' dir='ltr'><strong><em>S</em></strong></span> <span class='ocrx_word' id='word_1_292' title='bbox 1155 2376 1226 2412; x_wconf 90' lang='lat' dir='ltr'><em>Wo</em></span> <span class='ocrx_word' id='word_1_293' title='bbox 1309 2379 1352 2411; x_wconf 77' lang='lat'><em>18</em></span> <span class='ocrx_word' id='word_1_294' title='bbox 1379 2374 1426 2419; x_wconf 78' lang='grc' dir='ltr'><em>ἀρ</em></span> <span class='ocrx_word' id='word_1_295' title='bbox 1451 2373 1475 2421; x_wconf 83' lang='grc' dir='ltr'><strong><em>ὴ</em></strong></span> <span class='ocrx_word' id='word_1_296' title='bbox 1499 2372 1634 2419; x_wconf 78' lang='lat' dir='ltr'><strong>scripsi</strong></span> 
     </span>
     <span class='ocr_line' id='line_1_36' title="bbox 278 2419 1636 2473; baseline -0.005 -10"><span class='ocrx_word' id='word_1_297' title='bbox 278 2438 299 2463; x_wconf 87' lang='lat' dir='ltr'>e</span> <span class='ocrx_word' id='word_1_298' title='bbox 320 2427 350 2463; x_wconf 82' lang='lat' dir='ltr'><strong><em>S</em></strong></span> <span class='ocrx_word' id='word_1_299' title='bbox 365 2428 408 2462; x_wconf 78' lang='lat' dir='ltr'><em>ut,</em></span> <span class='ocrx_word' id='word_1_300' title='bbox 426 2426 511 2463; x_wconf 84' lang='lat' dir='ltr'><strong>coni</strong></span> <span class='ocrx_word' id='word_1_301' title='bbox 529 2426 585 2462; x_wconf 79' lang='lat' dir='ltr'><em>Re</em></span> <span class='ocrx_word' id='word_1_302' title='bbox 622 2427 716 2473; x_wconf 74' lang='grc' dir='ltr'><em>ἀρχῇ</em></span> <span class='ocrx_word' id='word_1_303' title='bbox 743 2426 897 2463; x_wconf 85' lang='lat' dir='ltr'><strong><em>VVaVo</em></strong></span> <span class='ocrx_word' id='word_1_304' title='bbox 907 2427 975 2462; x_wconf 85' lang='grc' dir='ltr'><em>Μο</em></span> <span class='ocrx_word' id='word_1_305' title='bbox 994 2424 1100 2462; x_wconf 85' lang='lat' dir='ltr'><strong>Wolf</strong></span> <span class='ocrx_word' id='word_1_306' title='bbox 1117 2426 1123 2470; x_wconf 91' lang='grc' dir='ltr'>Ι</span> <span class='ocrx_word' id='word_1_307' title='bbox 1144 2421 1380 2470; x_wconf 62' lang='grc' dir='ltr'><em>ἁρμονίωνν</em></span> <span class='ocrx_word' id='word_1_308' title='bbox 1431 2433 1452 2458; x_wconf 94' lang='grc' dir='ltr'><em>ο</em></span> <span class='ocrx_word' id='word_1_309' title='bbox 1502 2424 1546 2457; x_wconf 79' lang='grc'><em>16</em></span> <span class='ocrx_word' id='word_1_310' title='bbox 1558 2419 1636 2465; x_wconf 79' lang='grc' dir='ltr'><em>πρὸ</em></span> 
     </span>
     <span class='ocr_line' id='line_1_37' title="bbox 280 2472 901 2512; baseline -0.003 -2"><span class='ocrx_word' id='word_1_311' title='bbox 280 2475 406 2512; x_wconf 76' lang='grc' dir='ltr'><em>αὐτῶν</em></span> <span class='ocrx_word' id='word_1_312' title='bbox 432 2486 493 2510; x_wconf 87' lang='lat' dir='ltr'><em>om</em></span> <span class='ocrx_word' id='word_1_313' title='bbox 513 2476 582 2510; x_wconf 85' lang='lat' dir='ltr'><em>Mo</em></span> <span class='ocrx_word' id='word_1_314' title='bbox 656 2477 700 2510; x_wconf 88' lang='grc'><em>18</em></span> <span class='ocrx_word' id='word_1_315' title='bbox 725 2472 768 2509; x_wconf 73' lang='grc' dir='ltr'><em>δὲ</em></span> <span class='ocrx_word' id='word_1_316' title='bbox 793 2473 901 2509; x_wconf 86' lang='lat' dir='ltr'>Wolf</span> 
     </span>
    </p>
   </div>
  </div>
 </body>
</html>
