1806 2964
607 205 879 243 EPISTULAE
905 208 1098 242 κισ-258
1210 263 1213 265 q
1453 202 1543 246 249

159 316 264 363 εἶναι
293 320 338 362 τὸ
369 327 509 375 μῆκος.
546 324 630 370 τοῖς
659 319 735 375 γὰρ
767 319 896 369 οὕτως
926 318 1061 373 ἔχουσι
1084 317 1186 373 πρὸς
1209 316 1407 370 ἀλλήλους
1430 314 1551 371 ἀρκεῖ

158 387 227 429 καὶ
245 393 397 429 νεῦσαι.
429 385 583 428 οὔκουν
602 387 669 428 δεῖ
681 385 936 438 προσθήκης,
955 382 1041 426 ἀλλ’
1063 383 1282 439 ἀπολογίας
1301 386 1452 437 μᾶλλον
1470 388 1543 423 τοῦ

157 459 330 497 τοσαῦτα
354 454 554 510 εἰρῆσθαι.

802 509 897 561 σνξ.
1468 516 1517 552 W
1543 518 1619 551 260

645 597 903 652 Λύξεντίῳ.
943 605 1050 650 (361)
1580 605 1598 633 ⁶

224 686 262 723 1.
291 681 354 724 Οὐ
378 685 433 739 τῷ
459 679 653 731 δέξασθαι
677 680 726 721 τὰ
751 679 861 729 ξένια
886 682 1037 733 μᾶλλον
1062 679 1192 729 ἔδειξα
1215 679 1260 721 τὸ
1286 683 1420 732 φιλεῖν
1441 678 1468 733 ἢ
1487 683 1542 735 τῷ

160 753 401 802 λυπηθῆναι
431 747 626 802 πρότερον
657 743 719 796 οἷς
749 746 976 800 ἐλυπήθην.
1015 741 1068 799 ἦν
1098 745 1174 801 γὰρ
1200 745 1384 800 ἐρῶντος,
1416 741 1543 799 οἶμαι,

159 814 227 857 καὶ
259 817 578 868 ζηλοτυποῦντος
607 814 651 856 τό
684 829 721 854 τι
754 819 835 854 τῶν
869 819 952 854 σῶν
986 811 1085 865 ἐμοῦ
1121 814 1267 862 ζῶντος
1302 808 1380 865 ὑφ’
1406 811 1543 866 ἑτέρου

159 882 407 936 πράττεσθαι
425 879 482 939 μὴ
502 879 651 936 φέρειν.
691 883 730 920 2.
751 876 942 921 ἐντεῦθεν
961 877 1037 934 ἐγὼ
1058 877 1131 931 μὲν
1151 878 1333 933 ἐδήχθην
1351 878 1427 933 τὴν
1445 895 1542 933 καρ-

161 948 269 1002 δίαν,
288 947 339 989 σὺ
358 945 402 989 δὲ
422 947 517 996 ἴσως
534 946 802 995 ἐκαλλωπίζου
821 945 947 987 Φάων
964 961 1025 994 τις
1042 944 1174 1001 ἔτερος
1187 943 1414 1000 ἡγούμενος
1426 941 1542 987 εἶναι.
1563 961 1601 989 ιο

798 1077 898 1133 σνη’.
1468 1087 1520 1123 W
1544 1090 1615 1124 2⁶1

646 1165 919 1220 Δημητρίῳ.
955 1173 1062 1218 (361)

227 1253 264 1290 1.
280 1244 384 1290 Ἀλλ’
406 1249 507 1290 αὐτά
526 1264 569 1304 γε
588 1248 704 1303 ἑορτὴ
730 1248 778 1289 τὰ
803 1247 853 1289 σὰ
878 1248 1089 1303 γράμματα
1113 1247 1180 1289 καὶ
1199 1254 1282 1289 πᾶν
1302 1248 1325 1289 δ’
1343 1263 1381 1288 τι
1398 1263 1473 1302 περ
1492 1246 1544 1288 ἂν

165 1315 389 1370 ἀφικνῆται
419 1315 529 1370 παρὰ
560 1322 646 1357 σοῦ.
684 1319 814 1365 καλῶς
841 1314 883 1356 δὲ
908 1314 1099 1367 ἐποίησας
1123 1314 1266 1370 καιρὸν
1290 1318 1374 1363 τοῖς
1399 1314 1546 1364 ξενίοις

163 1382 316 1437 εὑρών·
345 1388 420 1423 νῦν
445 1381 518 1435 μὲν
542 1381 618 1437 γὰρ
643 1379 742 1435 ἡμῖν
767 1380 822 1431 ὡς
841 1381 1008 1434 ἀληθῶς
1026 1381 1224 1434 ἔπεμψας,
1248 1380 1334 1422 τότε
1356 1376 1393 1421 δ’
1416 1379 1469 1421 ἂν
1488 1380 1545 1428 εἰς
1564 1396 1604 1424 15

163 1448 234 1499 τὰς
257 1453 390 1503 χεῖρας
413 1454 494 1489 τῶν
519 1447 710 1500 ἁρπάζειν
734 1448 977 1502 βλεπόντων.
1017 1450 1055 1488 2.
1082 1447 1103 1489 ὁ
1130 1446 1203 1501 μὲν
1228 1441 1304 1488 οὗν
1323 1446 1546 1500 Εὐφήμιος

163 1514 326 1557 ἐπειδὰν
350 1514 467 1571 ἔλθῃ,
493 1515 611 1556 δώσει
636 1514 706 1564 τὰς
730 1514 971 1568 ἀποκρίσεις.
1009 1521 1087 1555 νῦν
1113 1513 1186 1568 μὲν
1210 1513 1285 1568 γὰρ
1305 1512 1360 1562 ὥς
1379 1513 1449 1555 τὸν
1470 1514 1545 1567 βα·-

238 1624 261 1656 4
294 1620 363 1656 VII
384 1619 434 1664 α’,
460 1618 557 1656 σλθ’.
585 1620 642 1656 Va
667 1618 712 1665 γ’,
739 1616 803 1656 νε’.
837 1619 892 1655 Vo
917 1617 964 1665 y',
985 1617 1051 1657 νε’.
1077 1618 1108 1655 S
1130 1617 1172 1663 ε’,
1198 1618 1260 1655 λε’.
1287 1618 1344 1654 Be
1370 1621 1416 1654 οἷ

167 1672 210 1704 11
245 1668 313 1707 V11
338 1666 388 1712 α’,
407 1666 479 1714 σμ’.
507 1669 565 1705 Va
589 1666 721 1714 γ’,νς’.
750 1668 803 1704 Vo
821 1667 868 1713 γ’,
895 1666 966 1707 νς’.
993 1667 1050 1703 Be
1076 1670 1121 1706 οξ

240 1769 261 1799 5
289 1764 409 1800 Seeck
441 1768 498 1800 92.
526 1768 607 1800 375.
635 1763 804 1800 Silomon
820 1768 866 1800 44
931 1767 952 1800 9
972 1763 1088 1800 Arist.
1108 1763 1201 1800 Ach.
1224 1767 1257 1798 1.
1282 1762 1331 1799 cf.
1351 1774 1409 1809 ep.
1425 1765 1496 1798 964

168 1816 213 1849 10
224 1812 318 1848 Plat.
334 1812 424 1849 crit.
434 1825 471 1858 p.
485 1816 530 1849 52
546 1811 573 1849 C
614 1817 658 1849 12
673 1812 794 1849 Seeck
810 1815 983 1849 1118‘15.
1004 1812 1173 1849 Silomon
1187 1815 1234 1847 44
1285 1815 1329 1847 16
1345 1810 1464 1847 Seeck
1477 1813 1546 1846 136

245 1915 263 1945 1
289 1908 387 1957 τοῖς]
414 1910 459 1945 οὐ
485 1910 543 1946 Be
616 1913 637 1945 2
663 1910 731 1946 καὶ
756 1915 887 1946 νεῦσαι
911 1910 952 1945 in
970 1920 1033 1945 ras
1054 1908 1129 1946 132²
1149 1911 1155 1955 Ι
1178 1909 1320 1944 οὐκοῦν
1345 1908 1375 1945 S
1446 1911 1467 1944 3
1495 1906 1547 1943 εἰ-

168 1960 311 2004 ρῆσθαι
338 1958 395 1995 Be
420 1957 487 1993 sed
513 1969 547 1993 ει
572 1959 611 1994 et
635 1971 659 2003 η
686 1969 769 1994 corr
795 1957 853 1993 m’
950 1961 972 1993 5
998 1956 1188 2005 Αὐξεντίῳ
1220 1955 1376 1993 cultello
1408 1955 1548 1992 biblio-

168 2006 258 2052 pegi
278 2005 523 2052 absumptum
538 2006 594 2042 Be
638 2010 658 2041 6
672 2004 731 2054 τὸ]
757 2009 807 2054 τῷ
830 2006 860 2043 S
906 2009 928 2041 8
949 2006 1032 2052 ἐμοὶ
1057 2006 1114 2042 Be
1135 2009 1141 2052 Ι
1164 2005 1300 2050 ἑτέρων
1325 2005 1383 2041 Be
1407 2004 1474 2040 sed
1494 2017 1550 2039 ων

168 2065 215 2090 ex
239 2068 269 2090 ω
295 2065 379 2090 corr
403 2053 461 2090 m²
529 2058 574 2090 10
601 2053 713 2100 φάων
734 2055 790 2091 Be
815 2054 882 2090 sed
908 2068 961 2091 ων
988 2065 1034 2090 ex
1059 2066 1150 2090 σκον
1176 2064 1259 2089 corr
1283 2053 1342 2088 m¹
1362 2055 1368 2099 Ι
1390 2050 1447 2102 nse
1467 2052 1525 2087 Va

171 2100 354 2186 lffdugtlbv
380 2102 472 2140 VVo
548 2106 592 2139 15
612 2103 684 2149 γὰρ
704 2102 807 2139 inser
834 2103 888 2140 V³
959 2106 1002 2138 16
1022 2099 1090 2147 ἧκε
1109 2104 1199 2149 post
1215 2107 1344 2149 χεῖρας
1362 2100 1550 2137 excidisse

166 2161 205 2186 vx
234 2161 254 2187 e
273 2161 320 2186 ur

247 2250 292 2283 10
321 2246 435 2283 Φάων
461 2247 556 2292 φησὶ
582 2248 691 2294 (φασὶ
717 2247 802 2293 cod)
833 2245 1021 2294 παροιμία
1055 2245 1234 2294 (παριμία
1269 2246 1339 2283 cod
1388 2246 1450 2282 ἐπὶ
1474 2251 1551 2282 τῶν

172 2293 360 2341 ἐρασμίων
386 2295 450 2331 καὶ
476 2296 744 2342 ὑπερηφάνων.
771 2301 839 2332 τοῦ
859 2296 931 2342 γὰρ
955 2295 1111 2337 Φάωνος
1130 2295 1329 2341 ἐρασθῆνα
1364 2306 1461 2338 φασι
1480 2294 1552 2330 σὺν

169 2345 321 2384 πολλοῖς
345 2344 412 2379 καὶ
437 2345 589 2388 Σαπφώ
615 2345 768 2390 (σαμφὼ
801 2344 887 2389 cod)
902 2373 910 2384 .
938 2345 983 2380 οὐ
1009 2344 1077 2389 τὴν
1102 2344 1327 2390 ποιήτριαν,
1359 2342 1454 2380 ἀλλὰ
1480 2346 1552 2378 Λε-

173 2389 283 2438 σβίαν
296 2390 396 2433 τινά,
410 2392 475 2427 καὶ
490 2393 681 2440 ἀποτυγχοὶ
687 2403 831 2429 νουσαν
843 2392 1177 2440 (ἀποτυγχάνουσα
1191 2392 1276 2435 cod)
1291 2388 1404 2438 ῥῖψαι
1416 2389 1555 2437 (ῥίψαν

173 2439 261 2523 cong
285 2438 424 2486 ἑαυτὴν
450 2440 527 2476 ἀπὸ
551 2446 619 2487 τῆς
643 2441 842 2483 Λευκάδος
864 2441 1005 2486 πέτρας
1034 2441 1076 2476 in
1105 2451 1215 2487 marg
1241 2441 1297 2476 Be
1322 2446 1380 2485 (—
1395 2438 1500 2476 Suid.
1521 2450 1551 2475 a.

173 2499 208 2523 v.
263 2487 357 2534 άων)
