1806 2964
614 229 884 266 prsTULAE
912 232 1103 267 ,ιιι-316
1230 245 1232 247 >
1454 223 1542 268 295

173 342 285 395 ἥκων
310 342 359 384 οὐ
390 343 500 383 πάνυ
532 357 601 396 μοι
630 343 832 398 γνώριμος
863 342 988 384 εἰπών
1018 354 1061 383 σε
1092 347 1263 396 νοσῆσαι
1294 339 1454 394 σφόδρα
1478 336 1545 378 καὶ

173 409 414 463 μνησθῆναί
433 424 478 464 γε
502 409 728 462 διαθηκῶν,
755 407 808 458 ὥς
833 404 939 450 εἶδεν
964 408 1139 462 ἐμαυτοῦ
1164 422 1211 461 με
1235 404 1454 449 ἐκπεσόντα
1477 403 1546 445 καὶ

171 473 423 526 ἀπολωλότα,
456 470 554 516 ἀλλ’
594 475 682 517 οὐκ
718 474 884 528 ἐδέησε
927 474 1093 528 μέντοι
1135 480 1227 515 τῶν
1271 474 1545 525 διαθηκῶν,

172 540 273 595 ἔφη,
298 539 495 583 λέλυται
524 540 612 597 γὰρ
647 541 699 583 τὸ
733 542 909 583 δεινόν.
956 544 994 583 2.
1021 541 1149 589 οὕτως
1174 534 1299 588 αὖθις
1325 538 1370 580 ἐν
1395 537 1550 592 ἐμαυτῷ

170 621 210 648 τε
234 606 430 662 ἐγενόμην
454 606 522 648 καὶ
547 607 650 663 πρὸς
673 607 768 656 τοὺς
793 608 939 660 φίλους
964 607 1206 661 διηγούμην,
1230 604 1257 646 ἃ
1281 603 1432 646 παθὼν
1457 603 1544 644 δια-
1582 614 1598 641 ⁶

171 673 332 728 φύγοις,
357 674 573 715 συνάπτων
599 678 683 724 τοῖς
707 674 943 728 ταράττουσι
973 673 1021 714 τὰ
1052 674 1202 727 βελτίω.
1241 671 1377 727 λαβὼν
1402 670 1446 712 δέ
1470 682 1544 711 σου

169 738 218 780 τὰ
251 740 463 795 γράμματα
493 739 560 781 καὶ
590 747 662 782 τοῦ
693 740 919 794 νοσήματος
948 739 1024 793 τὴν
1059 740 1186 792 φύσιν
1211 737 1388 793 ἀκριβῶς
1425 736 1470 779 ἐν
1494 744 1543 793 τῇ

170 805 273 856 τάξει
300 809 507 860 καθορῶν,
530 811 690 861 παρεῖχε
715 805 760 848 δέ
790 818 855 847 σοι
887 812 1004 848 τοῦτο
1036 810 1169 847 ποιεῖν
1199 804 1299 858 μετὰ
1329 810 1401 846 τοῦ
1433 803 1543 844 Πλά-

169 886 296 921 τωνος
315 869 598 927 Ἱπποκράτης,
624 872 674 914 σὺ
698 872 775 928 γὰρ
805 871 962 926 ἀμφοῖν
988 872 1190 925 μαθητής,
1215 871 1446 926 σννήλγουν
1471 868 1543 923 μὲν

168 936 235 978 ἐπὶ
258 941 342 987 τοῖς
365 938 528 992 πόνοις,
554 939 820 993 συνηχθόμην
846 937 890 980 δὲ
914 946 963 996 τῇ
994 937 1106 980 πόλει
1136 937 1310 987 πολλοὺς
1339 936 1541 993 τρεφούσῃ
1562 946 1598 973 1⁰

168 1003 264 1053 τοὺς
285 1000 474 1054 Ἀκεσίας.
507 1007 546 1046 3.
565 1005 812 1060 συγγνώμην
830 1002 874 1046 δὲ
893 1000 1015 1059 εἶχον,
1041 1005 1079 1045 εἰ
1095 1010 1170 1046 σοῦ
1188 1004 1413 1057 κάμνοντος
1432 998 1543 1051 οἶνος

168 1069 332 1125 ἐκράτει.
374 1069 443 1111 καὶ
475 1070 551 1126 γὰρ
583 1070 704 1120 αὐτός
736 1071 817 1125 εἰμι
853 1077 934 1112 τῶν
971 1070 1070 1127 οἴνῳ
1109 1069 1384 1112 δουλευόντων
1417 1068 1460 1110 ἐν
1491 1073 1545 1127 τῷ

168 1140 315 1177 νοσεῖν.
364 1134 418 1185 ὥς
455 1133 495 1177 δ’
536 1135 692 1190 ἤκουσα
729 1137 929 1191 κρουνοὺς
972 1138 1159 1191 ἱδρῶτος,
1194 1135 1431 1178 ἀνέπνευσα.
1474 1135 1542 1177 καὶ

168 1201 282 1258 χάριν
305 1201 382 1257 ἔχω
406 1207 459 1261 τῷ
487 1201 561 1256 μὲν
586 1205 807 1260 Ἀσκληπιῷ
839 1210 911 1245 τοῦ
938 1210 1080 1257 στῆσαι
1110 1203 1184 1256 τὴν
1215 1202 1454 1256 ἀσθένειαν,
1478 1201 1542 1243 σοὶ

168 1266 212 1309 δὲ
235 1275 308 1310 τοῦ
333 1275 522 1322 μηνῦσαι.
554 1269 671 1323 κοινὴ
697 1269 772 1325 γὰρ
800 1269 851 1323 δὴ
883 1276 963 1310 τῶν
983 1266 1192 1323 Ἑλλήνων
1224 1268 1340 1324 ἑορτὴ
1366 1268 1436 1310 τὸν
1461 1274 1542 1309 τῶν
1560 1276 1601 1304 1⁶

162 1329 369 1387 Ἑλλήνων
397 1333 522 1389 ἄκρον
553 1334 767 1390 ἐρρῶσθαι.
795 1333 827 1377 ’ὃ
858 1335 934 1391 γὰρ
966 1334 1032 1390 ἐμὲ
1068 1336 1118 1377 σὺ
1148 1339 1302 1389 καλεῖς,
1333 1335 1453 1385 αὐτὸς
1484 1332 1542 1375 ὢν

167 1401 382 1455 τυγχάνεις.
415 1403 454 1441 4.
480 1401 613 1456 λόγοις
639 1399 682 1442 δὲ
707 1401 819 1455 ἐμοῖς
844 1401 994 1455 ὁμιλῶν
1019 1402 1242 1454 εὐδαίμονά
1267 1416 1314 1454 με
1339 1405 1481 1452 ποιεῖς,
1506 1401 1543 1442 εἰ

225 1544 293 1625 117ίέ
304 1540 359 1625 ἕΐ.
385 1553 444 1588 ep.
471 1545 553 1577 476.
592 1541 796 1578 Salzmann
822 1545 868 1579 29
976 1546 1020 1578 12
1052 1542 1100 1579 cf.
1128 1553 1184 1588 ep.
1212 1545 1270 1579 26.
1310 1541 1407 1578 Plat.
1435 1552 1538 1577 conv.

167 1601 202 1635 p.

240 1739 259 1769 1
287 1748 351 1780 μοι
375 1734 478 1771 inser
505 1735 558 1770 V⁶
591 1736 596 1782 Ι
632 1746 671 1772 σε
697 1747 759 1772 om
787 1736 905 1772 VaVo
937 1737 943 1782 Ι
966 1741 1127 1783 νοσῆσαι
1152 1736 1205 1773 Vo
1230 1735 1299 1771 sed
1324 1736 1412 1782 σ(1)
1437 1734 1540 1771 inser

167 1782 222 1816 m⁴
297 1787 317 1818 2
342 1796 384 1828 γε
409 1794 469 1819 om
489 1783 570 1820 SVi
591 1785 597 1830 Ι
618 1796 657 1821 τε
685 1784 732 1820 Vi
805 1788 826 1819 3
852 1789 928 1820 τῶν
953 1783 1097 1820 inserui
1122 1794 1143 1820 e
1170 1784 1207 1821 V
1226 1783 1294 1821 sed
1318 1783 1422 1820 inser
1445 1783 1515 1827 m‘,

174 1830 230 1866 Va
238 1831 290 1867 Vo
327 1842 390 1866 om
414 1831 498 1868 SVi
522 1831 631 1868 Wolf
720 1836 744 1867 4
779 1831 944 1877 ἐμαυτοῦ
972 1833 1029 1870 Va
1052 1832 1213 1869 fortasse
1243 1833 1348 1869 reete
1373 1832 1420 1868 cf.
1440 1831 1538 1868 Plat.

658 1894 679 1925 ρ
693 1882 760 1918 δια
792 1880 816 1916 ὀ
841 1893 900 1923 οις

166 1925 315 1963 cham.
334 1939 372 1974 p.
395 1931 464 1963 155
478 1927 511 1963 D
610 1893 839 1975 ὃγδιετέέηέ
858 1929 888 1966 S
938 1927 1115 1975 διετέθης
1140 1928 1187 1965 Vi
1275 1932 1295 1964 '1
1321 1927 1430 1972 τάξιν
1456 1928 1503 1964 Vi
1531 1927 1535 1974 Ι

166 1976 330 2023 ἀκριβῶς
361 1975 402 2011 ἐν
432 1981 477 2024 τῇ
508 1975 613 2019 τάξει
644 1976 780 2024 scripsi
804 1987 826 2013 e
854 1977 948 2014 VVa
958 1978 1010 2014 Vo
1047 1976 1088 2013 ἐν
1113 1982 1158 2025 τῇ
1183 1975 1288 2020 τάξει
1319 1976 1485 2023 ἀκριβῶς
1511 1975 1543 2013 S

166 2022 277 2059 Wolf
320 2023 408 2069 ἀκρι
436 2029 486 2066 ῶς
511 2025 558 2060 Vi
661 2028 683 2060 8
708 2031 890 2072 παρεῖχεν
915 2025 973 2062 Va
1019 2025 1024 2073 Ι
1067 2030 1136 2061 τοῦ
1166 2024 1310 2061 inserui
1335 2035 1356 2060 o
1385 2024 1479 2061 VVa
1488 2024 1540 2061 Vo

202 2082 265 2107 om
297 2071 327 2108 S
335 2072 380 2108 Vi
461 2072 519 2108 olf
614 2076 660 2108 10
701 2073 747 2109 οὐ
779 2076 869 2109 ant-o
914 2073 1076 2116 πολλοὺς
1118 2072 1149 2110 S
1195 2073 1263 2109 sed
1313 2072 1390 2118 del,
1419 2072 1467 2109 Vi
1500 2074 1540 2108 et

165 2119 207 2155 in
230 2130 292 2156 ras
317 2119 420 2156 inser
439 2120 495 2158 V⁵
587 2125 632 2157 10
656 2121 818 2163 πολλοὺς
834 2142 880 2149 -
902 2125 944 2158 11
970 2119 1134 2163 Ἀκεσίας
1157 2120 1378 2167 praemissis
1414 2119 1539 2157 vorbis

165 2165 337 2212 ἠκέσατο.
373 2166 469 2205 ὅθεν
494 2167 515 2205 ὁ
547 2167 703 2212 &neeriae
726 2170 767 2206 et
795 2169 1009 2216 postposito
1040 2169 1211 2217 λιβάνιος
1235 2169 1333 2205 citat
1355 2169 1428 2206 lex.
1454 2169 1537 2206 cod.

166 2214 381 2252 Damatad.
410 2219 505 2252 2773
530 2216 595 2253 fol.
624 2221 715 2254 326*
790 2221 836 2254 10
860 2217 1001 2259 πολλὰς
1026 2218 1075 2254 Vi
1149 2221 1191 2253 11
1218 2217 1308 2260 τοὺς
1331 2228 1393 2254 om
1412 2217 1444 2254 S
1469 2217 1539 2260 τὰς

173 2263 221 2300 Vs·
246 2265 254 2310 Ι
285 2261 325 2301 δ’
345 2265 402 2302 Va
427 2264 558 2312 Wolf!
580 2266 615 2303 εἰ
639 2271 707 2303 σοῦ
731 2266 887 2313 reposui
911 2277 933 2303 e
958 2265 1067 2302 libris
1105 2266 1156 2307 ὡς
1179 2264 1290 2301 Wolf
1324 2268 1331 2313 Ι
1370 2265 1537 2313 πάσχον-

165 2324 231 2354 τος
253 2311 309 2349 Vo
408 2316 453 2349 13
476 2319 611 2351 πονεῖν
635 2314 684 2351 Vi
781 2319 827 2351 14
851 2316 962 2352 λῦσαι
986 2314 1024 2351 V
1062 2315 1069 2359 Ι
1108 2313 1169 2350 σοὶ
1200 2312 1243 2350 δὲ
1274 2319 1343 2350 τοῦ
1373 2319 1539 2361 μηνῦσαι

165 2359 302 2407 scripsi
327 2371 349 2397 e
374 2361 411 2397 V
441 2361 510 2398 sed
539 2367 705 2409 μηνῦσαι
735 2372 757 2399 e
787 2362 953 2409 μηνύσαι
984 2373 1068 2398 corr
1100 2361 1169 2407 ω’,
1202 2361 1232 2399 S
1254 2362 1321 2398 sed
1345 2375 1392 2409 γρ
1415 2367 1468 2398 τῶ
1493 2360 1537 2398 δὲ

167 2419 282 2454 supra.
312 2408 372 2445 σοὶ
403 2409 464 2455 δὲ,
490 2410 538 2447 Vs·
573 2415 641 2447 τοῦ
672 2410 715 2447 δὲ
746 2410 911 2457 μηνύσαι
942 2411 999 2448 Va
1008 2410 1061 2447 Vo
1091 2410 1160 2446 sed
1191 2409 1232 2446 in
1262 2409 1335 2446 hoc
1367 2409 1425 2447 σοὶ
1449 2411 1538 2457 post

166 2456 331 2503 μηνύεται
353 2456 457 2493 inser
479 2458 538 2494 m⁸
578 2464 647 2496 τοῦ
671 2458 715 2496 δὲ
745 2457 910 2505 μηνῦσαί
941 2470 1000 2495 σοι
1024 2454 1135 2494 Wolf
1205 2461 1249 2494 1'1
1276 2468 1427 2495 commo
1448 2460 1539 2505 post

165 2510 287 2546 ποιεῖς
310 2505 422 2551 posui
462 2507 646 2552 punctum
673 2507 831 2544 VVaVo
855 2505 966 2544 Wolf
1005 2518 1068 2544 om
1093 2506 1175 2544 SVi
