1806 2964
639 215 913 253 Ems'rULAE
939 219 1131 253 333—335
1227 204 1229 206 ’
1467 215 1556 260 315

176 331 268 387 γάρ,
293 327 315 372 ’ὁ
340 329 448 384 παρὰ
476 329 540 372 σοὶ
572 328 691 385 μέγα,
723 329 1001 383 συμφοιτητὴς
1031 329 1126 383 ἐμὸς
1151 325 1389 384 Ἱερώνυμος
1424 333 1556 383 φιλῶν

177 396 245 439 καὶ
270 396 516 451 φιλούμενος
541 395 585 438 ἐν
610 402 658 454 τῇ
684 397 878 453 κοινωνία
896 403 977 438 τῶν
996 395 1138 451 λόγων.
1168 391 1301 438 ἔπειθ’
1324 396 1452 446 οὕτως
1475 395 1557 438 ἐστὶ

182 463 373 518 χρηστός,
405 458 499 505 ὥστ’
527 462 627 517 ἔχων
658 462 859 518 ἐγκαλεῖν,
897 462 957 504 ὅτι
989 462 1041 516 δὴ
1072 462 1292 518 παρέλιπον
1326 462 1422 512 τοὺς
1454 461 1556 518 ὑπὲρ

176 529 302 573 αὑτοῦ
327 529 429 584 πρὸς
453 528 496 571 σὲ
522 529 681 583 λόγους,
705 528 824 582 ἀφεὶς
848 529 1057 570 αἰτιᾶσθαι
1076 530 1248 584 γράφειν
1273 527 1402 583 ἠξίου.
1435 531 1474 572 3.
1493 528 1556 571 λέ-

179 611 323 651 γοντος
349 595 393 638 δέ
417 611 498 650 μου
523 596 692 650 μάταιον
717 592 822 637 εἶναι
846 595 921 649 τὴν
945 594 1177 649 ἐπιστολήν,
1201 591 1307 637 εἶναι
1330 595 1406 651 γὰρ
1432 595 1557 638 αὐτὸν
1595 609 1612 636 5

173 659 244 704 ὑπ’
267 660 372 720 ἄλλῳ
406 661 507 704 κατὰ
541 662 616 716 τὴν
651 662 781 716 τομὴν
815 669 885 716 τῆς
919 661 1066 717 ἀρχῆς,
1101 661 1145 703 σέ
1179 677 1219 704 τε
1248 660 1453 716 ὠνόμαζεν
1487 661 1555 718 ἅρ-

172 744 294 784 χοντα
319 728 466 782 αὑτοῦ,
498 727 576 770 κᾶν
608 729 665 779 εἰς
689 729 811 771 πλείω
841 745 901 778 τις
936 729 1127 787 διαπρίσῃ
1158 728 1233 781 τὴν
1265 730 1556 783 Παλαιστίνην,

173 794 242 837 καὶ
266 801 347 837 τῶν
379 795 490 837 πάνυ
522 807 564 837 σε
597 796 829 837 δοκούντων
867 795 1046 837 ἐπαινεῖν
1077 794 1256 837 ἐπαινῶν
1286 795 1451 849 ἐκράτει.
1487 795 1557 837 καὶ

172 856 226 915 ἦν
251 861 443 912 πιθανός·
476 860 587 916 ἀπῆν
611 861 687 917 γὰρ
712 862 756 903 τὸ
777 862 912 904 δοκειν
931 862 1162 903 κολακεύειν
1182 865 1236 920 τῷ
1261 861 1337 915 τὴν
1352 859 1556 904 Ἕλουσαν

172 927 309 984 ἑτέρου
343 927 560 983 γεγονέναι.
615 931 654 969 4.
687 927 800 969 ταυτὶ
831 926 905 982 μὲν
935 923 1013 970 οὖν
1052 929 1259 970 δείκνυσιν
1296 928 1351 979 ὥς
1382 928 1460 970 ούκ
1496 929 1554 979 εἰς
1575 942 1611 969 ιο

174 998 336 1047 φαῦλον
361 994 455 1044 τοὺς
480 994 655 1050 τρόπους
679 994 831 1049 ἐχρήσω
864 994 1041 1051 σπουδῇ·
1073 994 1224 1050 ῥήτορα
1258 993 1302 1036 δὲ
1334 994 1494 1050 ἀγαθὸν
1519 996 1556 1037 εἰ

169 1061 397 1114 θαυμάζειν
437 1059 573 1113 ἄξιον,
612 1061 761 1116 ῥήτορα
798 1066 985 1116 γενναῖον
1017 1062 1279 1115 τεθαύμακας
1310 1061 1445 1104 δεινὸν
1479 1061 1554 1115 μὲν

171 1128 300 1170 εἰπεῖν
324 1125 346 1169 ὃ
371 1135 579 1182 προσῆκον
604 1128 752 1182 εἰπεῖν,
788 1127 923 1170 δεινὸν
955 1126 998 1170 δὲ
1029 1129 1146 1183 σιγᾶν
1179 1125 1201 1169 ὃ
1235 1134 1352 1183 σιγᾶν
1383 1127 1554 1183 βέλτιον,

172 1197 349 1249 γλῶτταν
377 1193 421 1236 δὲ
446 1194 496 1236 ού
521 1195 637 1249 χείρω
667 1201 739 1236 τοῦ
769 1201 846 1236 νοῦ
881 1193 1137 1248 κεκτημένον.
1183 1196 1221 1236 5.
1249 1196 1299 1236 σύ
1324 1210 1364 1236 τε
1391 1189 1467 1236 οὖν
1492 1194 1555 1237 ἀεὶ

171 1260 355 1318 μεμνήσῃ
381 1267 452 1315 τῆς
470 1258 714 1316 Ἱερωνύμου
740 1259 879 1315 τέχνης
904 1257 1022 1310 οὗτός
1048 1276 1088 1303 τε
1113 1267 1185 1315 τῆς
1204 1261 1440 1314 Κληματίου
1458 1261 1551 1318 περὶ
1571 1279 1607 1307 1⁶

171 1325 247 1380 τὴν
271 1333 420 1381 ψῆφον
445 1325 670 1382 ἀκριβείας,
696 1326 762 1368 καὶ
788 1327 947 1381 ζητήσει
971 1327 1046 1382 τὴν
1065 1325 1139 1380 μὲν
1160 1327 1237 1380 σὴν
1257 1322 1374 1377 οὗτος
1400 1328 1553 1370 δικαιο-

171 1393 317 1448 σύνην,
342 1393 417 1446 τὴν
442 1394 560 1435 τοῦδε
586 1391 630 1435 δὲ
656 1393 706 1435 σὺ
732 1394 955 1450 ῥητορείαν.

810 1542 897 1587 τλέ.
1480 1552 1530 1588 W
1557 1557 1628 1591 ⁸38

607 1629 906 1688 Εὐπατερίῳ.
940 1626 1114 1685 (357158)

237 1716 275 1754 1.
306 1716 398 1763 Τοῖς
424 1712 503 1755 ἀπὸ
529 1719 599 1767 τῆς
617 1710 812 1763 Ἑλλάδος
836 1713 935 1768 ὑμῖν
961 1711 987 1767 ἡ
1014 1713 1208 1770 ῥητορικὴ
1233 1715 1383 1768 τίμιον,
1408 1715 1556 1768 ταύτης
1574 1730 1612 1759 so

173 1776 218 1819 δὲ
242 1782 428 1821 πλεῖστον
445 1777 686 1835 Ἱερώνυμος
710 1779 868 1835 μετέχει.
899 1787 1010 1822 πᾶσα
1034 1781 1175 1823 τοίνυν
1194 1779 1351 1836 ἀνάγκη
1375 1780 1442 1822 καὶ
1460 1788 1554 1823 τοῦ-

250 1899 294 1932 18
327 1895 379 1932 Vl
394 1894 442 1943 γ’,
467 1894 532 1933 κε’.
567 1895 625 1933 Va
650 1894 698 1942 δ’,
724 1895 789 1934 κε’.
823 1897 876 1934 Vo
902 1896 951 1943 δ’,
975 1895 1029 1933 κε’

245 2007 267 2039 6
293 2003 498 2050 Eupatorio
518 2003 566 2040 cf,
587 2015 646 2054 ep.
668 2007 750 2041 385.
777 2004 897 2042 Seeck
919 2009 986 2041 111
1052 2009 1095 2042 19
1118 2005 1263 2043 Sievers
1278 2009 1406 2052 241‚4.
1433 2004 1554 2042 Seeck

173 2055 254 2089 135.
281 2055 363 2088 347.
391 2052 561 2090 Silomon
588 2056 631 2089 17
701 2057 747 2089 21
775 2054 822 2089 cf.
844 2065 902 2100 ep.
924 2057 996 2090 334

248 2164 265 2196 1
292 2158 377 2207 γάρ,
404 2159 424 2197 ὃ
449 2160 556 2205 παρὰ
581 2161 642 2198 σοὶ
665 2159 762 2208 μέγα
787 2161 922 2208 scripsi
947 2164 1103 2200 anchore
1123 2162 1180 2198 Re
1214 2161 1287 2209 γὰρ
1314 2162 1335 2200 ὁ
1360 2161 1467 2207 παρὰ
1492 2162 1552 2199 σοὶ

171 2206 288 2256 μέγας
313 2208 402 2244 libri
428 2208 537 2245 Wolf
607 2213 628 2244 2
655 2209 758 2247 ἐστιν
785 2211 841 2247 Va
928 2214 950 2247 3
975 2212 1039 2247 δεῖ
1065 2211 1111 2248 Vi
1197 2214 1218 2246 6
1245 2210 1343 2259 ἄλλῳ
1369 2210 1505 2257 scripsi
1531 2221 1553 2246 ο

178 2256 236 2293 Va
295 2255 410 2293 ἄλλον
438 2257 474 2294 V
492 2257 561 2294 sed
587 2270 633 2294 ον
658 2257 699 2294 in
724 2268 787 2294 ras
812 2258 880 2301 m‘,
914 2259 1005 2296 Vos
1023 2259 1071 2296 Vi
1101 2258 1206 2296 Wolf
1235 2260 1241 2305 Ι
1273 2257 1469 2306 ὠνόμαζον
1495 2259 1553 2296 Va

173 2303 227 2341 Vo
251 2304 320 2341 ssd
345 2304 386 2341 in
411 2305 484 2341 hoc
510 2309 590 2352 o(·.’.)
609 2305 650 2341 in
670 2319 688 2343 ε
707 2317 791 2343 corr
810 2307 868 2343 m⁸
914 2306 1094 2353 ὠνομάζω
1122 2308 1170 2344 Vi
1189 2308 1196 2354 Ι
1217 2309 1284 2343 τὸν
1303 2310 1394 2343 ante
1413 2306 1552 2354 ἄρχον-

167 2364 216 2389 τα
243 2353 298 2390 Va
310 2353 361 2390 Vo
389 2352 498 2389 Wolf
531 2352 655 2390 delevi
728 2358 748 2390 ’1
765 2355 883 2391 αὐτοῦ
912 2356 964 2392 Vo
974 2356 1021 2391 Vi
1083 2358 1105 2391 8
1131 2355 1303 2392 ἐπαινῶν
1328 2355 1465 2402 scripsi
1484 2366 1506 2391 ο
1525 2355 1555 2393 S

179 2400 228 2437 Vs·
250 2402 295 2437 ut
313 2401 398 2438 coni
423 2400 528 2438 Wolf
546 2402 599 2438 Re
637 2400 806 2440 ἐπαίνων
822 2403 916 2440 VVa
926 2404 978 2440 Vc)
999 2402 1106 2441 Wolf
1171 2407 1192 2439 9
1214 2403 1497 2441 ἐλοῦσαννεοᾱ
1511 2403 1553 2439 in

171 2446 331 2486 ἔλουσαν
349 2459 434 2486 corr
451 2450 508 2485 ιη’
549 2448 707 2487 ἔλουσαν
730 2451 777 2488 Vi
840 2456 884 2488 10
910 2450 1040 2496 ἑτέρου
1071 2451 1223 2498 reposui
1250 2463 1271 2488 e
1305 2451 1413 2488 libris
1440 2450 1552 2501 ἑτέρῳ

172 2495 282 2533 Wolf
353 2501 398 2534 13
424 2497 603 2546 slnstvO)
629 2498 767 2546 scripsi
810 2500 910 2537 ἰδεῖν
941 2499 1031 2536 libri
1065 2499 1172 2536 Wolf
1211 2502 1217 2545 1
1264 2498 1343 2546 ὃ(1)
1370 2499 1506 2547 scripsi
1532 2510 1553 2536 e
