1806 2964
665 211 1105 249 EPISTULAE=52—55
1241 199 1243 201 ’
1531 213 1590 256 53

862 361 935 404 vd‘.
1541 371 1589 406 W
1615 376 1661 407 52

716 454 775 505 τῷ
801 449 935 506 αὐτῷ.
970 453 1076 496 (359)

271 542 307 575 1.
330 531 433 589 Ἐγώ
465 546 529 575 σοι
567 535 717 588 μάρτυς
749 540 829 575 τῶν
861 537 1110 588 Μαρκιανοῦ
1143 541 1292 575 κακῶν.
1332 532 1377 582 ὃς
1409 534 1452 576 τὸ
1485 535 1589 575 πολὺ

207 607 277 654 τῆς
302 607 377 655 γῆς
402 607 482 650 σῶς
507 599 689 642 ἐπελθὼν
715 599 759 640 ἐν
784 601 1012 655 προθύροις
1039 606 1111 654 τῆς
1143 600 1269 642 αὑτοῦ
1306 600 1461 650 πόλεως
1492 600 1587 654 ἐπη-

207 667 326 720 ρώθη
350 667 393 708 τὸ
420 666 569 720 σκέλος,
596 667 694 708 ὥστε
719 674 798 708 τῶν
825 667 972 723 ἰατρῶν
998 666 1091 716 τοὺς
1117 666 1190 720 μὲν
1223 666 1480 722 ἀπογνόντας
1506 685 1586 720 φυ-
1624 684 1642 709 t»

207 737 311 788 γεῖν,
349 733 442 783 τοὺς
480 732 522 775 δὲ
559 734 832 787 τολμκήσαντας
871 734 1064 786 ἅψασθαι
1102 734 1222 788 μήπω
1264 738 1434 790 θαρρεῖν
1473 735 1589 789 ἔχειν,

206 798 285 841 ἔστι
312 799 355 841 δὲ
379 800 487 857 αὐτῷ
512 807 583 854 τῆς
609 808 822 856 συμφορᾶς
849 800 1123 856 ἀλγεινότερον
1158 800 1202 841 τὸ
1227 805 1388 842 κεῖσθαι
1415 809 1489 843 σοῦ
1515 818 1586 842 κα·

207 870 390 916 λοῦντος·
411 865 465 916 ὡς
490 867 596 916 ἅπας
614 882 657 922 γε
682 867 808 917 πόνος
827 867 891 909 σοὶ
911 866 1047 922 φέρων
1066 868 1182 923 χάριν
1202 865 1331 921 ἡδίων
1351 870 1588 925 Μαρκιανῷ

207 933 357 983 παντὸς
390 934 537 975 ὕπνου.
587 937 624 975 2.
658 935 709 975 σὺ
744 930 783 974 δ’
815 934 993 983 ἀπιστεῖς
1029 933 1153 976 αὐτὸν
1190 934 1246 988 μὴ
1281 940 1404 975 ταῦτα
1438 939 1590 976 παθεῖν

206 1001 378 1050 εἰκότως.
418 997 440 1040 ὃ
466 1000 542 1055 γὰρ
574 999 650 1041 οὐκ
681 1000 853 1054 ἐβούλου
885 1002 1111 1055 συμβῆναι,
1147 997 1253 1042 τοῦτ’
1278 1002 1351 1042 οἴει
1384 1001 1439 1055 μὴ
1474 1017 1586 1057 γεγο-
1609 1019 1644 1045 ιο

208 1067 330 1108 νέναι.
362 1064 448 1108 ἀλλ’
471 1061 516 1108 εὖ
543 1067 630 1108 ἴσθι
656 1067 726 1109 τὸν
750 1066 879 1121 ἄνδρα
907 1075 982 1109 νῦν
1002 1067 1075 1120 μὲν
1095 1066 1149 1118 ὥς
1170 1069 1337 1122 μάλιστα
1362 1068 1586 1121 πιέζεσθαι,

209 1134 321 1187 μόλις
346 1132 390 1174 δὲ
415 1132 610 1188 ἀρτίπουν
637 1133 809 1175 ἔσεσθαι.

867 1255 935 1298 νε’.
1542 1265 1591 1300 W
1618 1269 1663 1301 53

716 1345 774 1394 τῷ
800 1343 932 1398 αὐτῷ.
967 1346 1072 1388 (359)

272 1429 307 1465 1.
330 1422 428 1476 Ὀψὲ
460 1425 532 1478 μὲν
565 1426 652 1478 ἥκει
684 1439 747 1467 σοι
779 1427 1027 1479 Παλλάδιος,
1059 1427 1185 1468 πολλὰ
1220 1423 1259 1467 δ’
1289 1422 1365 1468 οὖν
1398 1426 1498 1482 ὑπὲρ
1525 1444 1588 1480 μι-
1610 1445 1644 1470 15

207 1497 316 1545 κρῶν
341 1493 532 1546 πονήσας.
564 1493 839 1546 κεκοινώνηκα
866 1491 909 1534 δὲ
935 1493 1001 1534 καὶ
1027 1493 1161 1547 αὐτός,
1187 1493 1242 1543 ὡς
1271 1494 1392 1543 αὐτὸς
1419 1493 1506 1549 ἐρεῖ
1526 1507 1590 1535 σοι

209 1559 453 1611 Παλλάδιος,
477 1566 549 1600 τοῦ
574 1559 715 1601 πόνου.
756 1563 794 1600 2.
820 1560 864 1601 τὸ
891 1558 934 1600 δὲ
960 1560 1090 1601 αἴτιον
1121 1567 1192 1614 τῆς
1219 1562 1359 1616 τριβῆς
1387 1561 1435 1602 οὐ
1461 1561 1505 1603 τὸ
1533 1562 1589 1615 μὴ

207 1625 432 1678 βούλεσθαί
454 1637 517 1666 σοι
548 1627 777 1681 χαρίζεσθαι
809 1626 879 1667 τὸν
910 1627 1082 1680 χρηστὸν
1101 1624 1365 1682 Ἑρμογένην.
1419 1627 1487 1668 καὶ
1512 1627 1589 1681 γὰρ

207 1692 412 1734 ἐπίσταταί
434 1705 508 1734 σου
534 1692 603 1734 τὸν
628 1694 778 1749 τρόπον
803 1693 870 1734 καὶ
896 1693 971 1746 τὴν
998 1693 1125 1748 ἀρχὴν
1144 1693 1306 1735 ἐπαινεῖ
1323 1693 1388 1735 καὶ
1421 1694 1495 1748 τὴν
1521 1709 1589 1735 πε-

207 1759 302 1800 νίαν
327 1759 401 1800 οὐκ
426 1759 570 1814 ἀγνοεῖ
581 1767 661 1801 τῶν
687 1776 725 1801 τε
744 1759 971 1814 εὐχομένων
990 1760 1097 1816 αὐτῷ
1112 1762 1315 1816 προβῆναι
1333 1760 1408 1813 τὴν
1432 1767 1586 1815 παροῦ-
1608 1778 1646 1803 20

209 1839 286 1867 σαν
311 1827 422 1876 τάξιν
453 1828 509 1875 εἰς
541 1833 668 1881 μῆκος
699 1826 771 1867 ἕνα
803 1839 844 1868 σε
877 1827 1029 1880 νομίζει
1060 1831 1191 1876 καλῶς
1222 1827 1470 1881 ὑπειληφώς.
1513 1827 1590 1882 ἐγὼ

209 1894 283 1948 γάρ
315 1905 379 1934 σοι
409 1893 560 1947 ταύτην
592 1894 762 1935 σύνοιδα
793 1893 867 1946 τὴν
906 1893 1038 1947 εὐχήν.
1086 1896 1122 1935 3.
1157 1890 1242 1935 ἀλλ’
1273 1890 1405 1947 οἶμαι,
1441 1894 1484 1936 τὸ
1517 1893 1591 1947 μὲν

285 2027 302 2058 1
340 2023 387 2061 V1
412 2022 461 2064 α’,
487 2024 550 2059 λε’.
585 2023 637 2059 Vo
662 2023 711 2064 α’,
736 2027 774 2068 ᾗ.
803 2023 831 2059 S
854 2038 886 2070 y,
914 2021 988 2070 (μ’.
1017 2035 1062 2069 pr
1137 2027 1180 2059 13
1218 2024 1262 2062 Vs
1289 2022 1338 2064 α’,
1364 2022 1431 2064 λς’.
1471 2025 1520 2060 Vo
1540 2023 1591 2068 α’,

211 2085 274 2117 μα.
300 2083 347 2117 pr

283 2196 304 2227 2
332 2191 478 2228 Sievers
505 2195 586 2236 228,
598 2196 631 2228 3.
658 2192 778 2229 Seeck
803 2197 885 2228 214.
914 2196 995 2229 356.
1024 2191 1191 2228 Silomon
1220 2196 1266 2229 25
1330 2196 1351 2228 3
1380 2192 1498 2229 Seeck
1519 2196 1589 2229 202

261 2245 304 2276 14
332 2239 478 2276 Sievers
505 2244 586 2276 225.
614 2240 733 2278 Seeck
759 2244 839 2277 214.
869 2244 950 2277 356.
979 2240 1148 2277 Silomon
1176 2245 1222 2277 26
1306 2245 1351 2277 15
1379 2241 1497 2278 Seeck
1520 2244 1589 2277 229

260 2292 305 2325 18
331 2289 377 2325 cf.
398 2301 457 2335 ep.
478 2292 536 2326 49.
565 2289 684 2326 Seeck
712 2292 781 2325 173

284 2413 305 2444 2
330 2409 516 2458 Μοδέστφ
541 2410 570 2447 S
648 2415 670 2446 3
694 2416 763 2446 τοῦ
799 2412 888 2447 ante
919 2413 1155 2455 Μαρκιανοῦ
1178 2410 1289 2448 Wolf
1359 2415 1380 2447 4
1417 2420 1469 2447 σὼ
1503 2422 1591 2447 cum

211 2468 273 2494 ras
298 2461 320 2493 2
345 2457 412 2495 litt
436 2459 487 2504 (ισ
513 2458 572 2494 vel
591 2460 649 2504 οσ)
674 2461 760 2505 post
779 2473 807 2495 ω
836 2459 872 2495 V
914 2461 920 2504 Ι
966 2458 1085 2496 αὐτοῦ
1108 2458 1199 2495 libri
1225 2459 1300 2495 edd
1351 2470 1435 2496 corr
1459 2459 1516 2496 Re

213 2509 233 2541 6
259 2508 399 2551 θαρετν
426 2507 461 2544 V
530 2511 552 2542 9
573 2507 614 2543 δὲ
640 2506 669 2543 S
692 2506 802 2543 Wolf
882 2511 927 2543 15
954 2504 994 2544 δ’
1016 2504 1087 2544 οὖν
1113 2507 1230 2544 Vsed
1255 2507 1293 2543 in
1322 2509 1364 2544 δὲ
1385 2518 1472 2544 corr
1489 2507 1547 2543 m⁶
