1806 2964
277 226 367 269 602
863 224 1046 260 LIBANII

278 337 500 392 ἀρχόντων,
531 337 676 388 ταύτης
706 335 884 377 ἐκπεσεῖν
908 337 1132 377 κινδυνεύει
1156 343 1226 377 τοῦ
1251 337 1501 379 δικαιοτάτου
1525 336 1639 378 τάκεῖ

280 404 539 451 διοικοῦντος.
591 405 630 442 4.
660 402 789 443 καίτοι
812 401 999 456 Σευήρου
1032 402 1252 455 πάσχοντος
1280 408 1413 451 κακῶς
1441 401 1637 443 ἀδικεῖται-

280 467 353 522 μὲν
381 466 408 520 ἡ
440 474 520 509 τῶν
539 463 772 520 Ἀθηναίων
802 466 936 519 πόλις,
967 464 993 519 ἣ
1024 473 1166 508 τοῦτον
1190 465 1420 522 ἐξέθρεψεν,
1444 466 1636 508 ἀδικεῖται

281 532 324 575 δὲ
350 534 560 586 Μάξιμος,
592 529 646 573 δι’
668 530 717 574 ὃν
748 531 822 574 οῦκ
852 531 1063 585 ἐμαράνθη
1087 532 1131 573 τὸ
1156 538 1286 587 χρῆμα
1310 538 1389 574 τῶν
1412 533 1561 587 λόγων,
1590 530 1636 582 ὃς

243 619 262 645 5
282 606 423 641 τοῦτον
452 596 552 639 ἀνθ’
573 597 681 647 υἱέος
711 597 824 652 ἑώρα.
871 599 908 638 5.
939 604 1211 650 κοινωνοῦμεν
1243 595 1285 638 δὲ
1316 597 1382 638 καὶ
1411 595 1525 651 ἡμεῖς
1557 603 1637 639 τῶν

281 672 417 707 κακῶν
447 664 717 718 συμφοιτηταί
743 677 783 704 τε
814 662 924 712 ὄντες
953 662 1020 704 καὶ
1044 662 1152 716 παρὰ
1175 663 1306 703 πάντα
1329 662 1399 704 τὸν
1423 663 1566 717 χρόνον
1589 663 1638 704 τὰ

284 732 401 772 τοῦδε
426 729 745 785 θεραπεύσαντες
770 729 842 782 οὐχ
866 726 964 782 ἡμῖν
990 727 1113 782 οὔσης
1139 729 1366 781 δυνάμεως,
1391 725 1474 769 ἀλλ’
1498 728 1638 777 αἰδοῦς

281 796 391 852 παρὰ
415 800 498 845 τοῖς
522 795 718 843 δυνατοῖς.
759 791 843 835 οὔτ’
866 789 941 835 οὖν
966 797 1094 834 λιπεῖν
1117 793 1191 846 τὴν
1214 794 1324 843 τάξιν
1348 789 1400 847 ἦν
1425 809 1493 847 μοι
1516 794 1638 835 καλὸν

282 862 452 916 αἰσχύνη
489 876 549 912 τε,
586 860 622 901 εἰ
657 861 791 913 μεῖξον
827 859 986 908 ἐλπίσας
1017 859 1209 913 ἰσχύσειν,
1240 855 1360 911 ἡνίκα
1391 858 1441 899 σὺ
1471 862 1639 912 κρατεῖς,

228 945 266 972 ιο
283 926 462 979 ἀσθενὴς
481 926 665 979 φανείην.
698 927 737 966 6.
761 923 991 979 ἐξαιροῦμαι
1011 922 1053 965 δὲ
1073 922 1293 977 ἄνθρωπον
1313 923 1362 965 ού
1381 924 1526 965 Μίδαν
1545 922 1639 966 οὐδὲ

281 989 539 1046 Ῥαμψίνιτον
570 986 659 1032 οὐδ’
679 988 729 1032 ὃν
758 989 802 1031 τὸ
833 994 992 1044 πλῆθος
1018 995 1098 1030 τῶν
1122 995 1322 1044 γεωργιῶν
1346 989 1450 1045 οἴκοι
1473 989 1641 1030 δύναται

285 1057 479 1113 κατέχειν,
511 1051 595 1097 ἀλλ’
622 1054 667 1106 ὃς
699 1062 901 1109 πανταχοῦ
926 1054 998 1108 μὲν
1022 1054 1179 1108 εὑρήσει
1203 1054 1276 1107 τὴν
1300 1053 1522 1108 ἀναγκαίαν
1551 1069 1639 1110 τρο-

286 1125 387 1178 φήν,
411 1129 504 1180 τιμῇ
532 1122 572 1163 δὲ
598 1117 794 1179 πατρῴων
819 1121 1035 1174 μνημάτων
1059 1120 1114 1162 ἔτι
1138 1126 1208 1173 τῆς
1233 1120 1390 1168 Λυκίας
1413 1120 1548 1173 ἔχεται.

210 1287 261 1322 w
287 1290 356 1323 ὅτι
937 1274 1004 1330 κζ·

233 1379 266 1406 1⁵
761 1359 1034 1416 Λυσιμάχῳ.
1061 1368 1166 1413 (361)

349 1449 387 1486 1.
420 1447 526 1494 Παῖς
558 1443 680 1493 ὅντως
711 1443 802 1497 ἐμὸς
833 1443 855 1485 ὁ
881 1443 1113 1496 Λυσίμαχος
1143 1448 1304 1483 τοιαῦτα
1334 1440 1401 1482 καὶ
1428 1440 1551 1495 λέγων
1575 1439 1642 1481 καὶ

285 1511 474 1567 γράφων,
505 1515 620 1551 τοῦτο
652 1507 724 1562 μὲν
754 1507 798 1549 ἐν
829 1508 1008 1557 ἐπαίνοις
1035 1506 1256 1563 ἀρχόντων,
1286 1513 1401 1548 τοῦτο
1427 1505 1469 1547 δὲ
1493 1505 1536 1547 ἐν
1558 1504 1643 1555 ’τοῖς

285 1575 386 1617 κατὰ
423 1573 587 1629 μελέτην
623 1573 790 1629 ἀγῶσιν·
828 1570 920 1614 ὥστ’
949 1572 1069 1615 οὐδὲν
1099 1571 1336 1626 θαυμαστὸν
1367 1572 1404 1613 εἰ
1431 1571 1642 1624 πετόμενος

285 1636 384 1694 ἧκεν
415 1639 470 1690 ὡς
501 1638 607 1693 ἡμᾶς
639 1638 660 1681 ὁ
682 1638 815 1694 ’Ἐρως
846 1639 1030 1692 τοιαύτης
1060 1638 1166 1694 αὐτῷ
1188 1638 1358 1692 γλώττης
1382 1637 1573 1690 κινούσης
1598 1636 1641 1678 τὸ

232 1725 269 1753 2⁰
287 1706 443 1760 πτερόν.
488 1709 527 1747 2.
560 1704 582 1747 ὅ
607 1703 650 1746 δὲ
676 1705 932 1757 συκοφάντης
958 1704 1126 1757 ἐκεῖνος,
1157 1704 1200 1744 τὸ
1226 1703 1394 1757 θηρίον,
1427 1703 1544 1755 δίκην
1568 1701 1642 1754 τὴν

288 1815 405 1906 [ωέΐ
422 1810 504 1894 Αἶᾶζ
525 1809 573 1857 β’,
605 1807 676 1855 νη’.
714 1808 772 1844 Va
796 1807 837 1852 ζ,
862 1807 934 1854 με’.
973 1806 1026 1843 Vo
1057 1806 1126 1854 (ἴ),
1159 1805 1230 1851 μς’.
1269 1807 1344 1843 Μο.
1366 1806 1394 1843 S
1417 1804 1466 1849 α’,
1491 1801 1558 1848 ξδ’.
1595 1804 1644 1840 Vi

358 1960 378 1990 ὃ
404 1954 452 1990 of.
472 1965 531 2000 ep.
552 1955 621 1989 80⁹
682 1954 705 1987 4
730 1949 849 1988 Seeck
881 1953 950 1986 208
977 1949 1028 1985 IX
1086 1954 1173 1995 baq.
1200 1948 1248 1985 cf.
1268 1959 1326 1995 ep.
1347 1952 1415 1984 685
1486 1951 1527 1983 11
1554 1946 1643 1983 Her.

287 2001 321 2037 11
342 2005 457 2044 181,2
533 2003 578 2036 15
603 1997 722 2036 Seeck
748 2001 827 2035 198.
848 2001 917 2034 386

363 2107 382 2139 1
408 2102 455 2138 τὰ
470 2100 547 2138 ’κεῖ
568 2100 668 2138 Vina
735 2104 756 2136 2
776 2098 937 2146 σεβήρου
960 2099 996 2134 V
1011 2098 1077 2134 sed
1096 2099 1120 2146 β
1138 2098 1178 2133 in
1196 2107 1257 2133 ras
1276 2096 1344 2142 m⁴‚
1363 2097 1413 2134 W
1467 2100 1489 2131 4
1514 2100 1643 2142 χρῶμα

289 2149 398 2187 Wolf
418 2149 513 2186 Cant
586 2153 607 2184 ὁ
631 2146 734 2189 υἱέος
757 2146 911 2192 reposui·
933 2156 953 2182 e
978 2145 1086 2182 libris
1111 2145 1178 2181 sed
1197 2158 1217 2182 ο
1237 2155 1283 2180 ex
1302 2158 1330 2180 ω
1349 2155 1431 2179 corr
1455 2142 1510 2180 V·
1533 2141 1644 2183 υἱέως

288 2197 397 2235 Wolf
459 2201 481 2233 6
506 2209 545 2233 τε
570 2207 632 2232 om
657 2195 707 2231 W
766 2198 786 2230 '1
811 2193 1090 2239 θεραπεύοντες
1114 2193 1168 2229 W
1228 2196 1248 2227 9
1277 2192 1442 2237 „mallem
1466 2187 1644 2236 κρατοίης

288 2249 357 2283 aut
380 2244 569 2289 ἐκράτεις“
597 2243 650 2280 Re
707 2245 751 2278 10
767 2243 873 2288 „fou-t.
899 2241 1125 2287 ἐξαιτοῦμαι,
1149 2240 1213 2277 sed
1236 2240 1387 2286 vulyata
1409 2241 1526 2284 potest
1547 2238 1641 2274 idem

287 2294 439 2330 notar-0⁸
465 2291 520 2328 Re
594 2294 637 2327 11
664 2289 896 2338 ραμψένιτον
922 2289 974 2325 W
1041 2291 1084 2324 18
1110 2287 1293 2332 πατρώων
1317 2287 1346 2323 S
1359 2286 1456 2323 Vind
1485 2286 1492 2332 Ι
1524 2283 1597 2331 ἤδη
1622 2294 1642 2320 e

288 2340 523 2378 Bar-oxiam
546 2337 656 2375 Wolf
675 2336 770 2374 Ceut
828 2340 872 2373 15
896 2335 1045 2382 Λυσιμά
1067 2349 1096 2371 ω
1121 2347 1183 2372 om
1207 2335 1283 2372 Ath
1324 2330 1538 2380 Ἀμφιλοχίαν
1558 2331 1646 2369 SVi

357 2391 400 2424 1⁶1
428 2387 471 2424 ἐν
495 2397 556 2422 om
580 2385 610 2422 S
625 2385 750 2423 ViAth
860 2387 903 2419 18
929 2382 1018 2420 οὐδὲ
1076 2383 1174 2419 iAth
1217 2383 1224 2430 Ι
1267 2382 1478 2426 πετώμενος
1500 2369 1550 2415 Vs·

291 2440 335 2472 19
362 2435 417 2477 εἰς
440 2434 488 2470 Vi
533 2435 538 2478 Ι
584 2433 681 2479 ἡμᾶς
705 2431 839 2478 scripsi
869 2443 890 2467 e
917 2432 952 2468 V
978 2430 1044 2467 sed
1069 2444 1091 2476 η
1127 2441 1172 2466 ex
1202 2443 1226 2465 υ
1258 2439 1341 2465 corr
1363 2427 1432 2472 ω’,
1460 2426 1643 2464 MoSAth

315 2484 412 2529 ὑμᾶς
434 2481 608 2518 VaVoVi
631 2479 740 2516 Wolf
