1806 2964
623 195 894 233 Ems'roLAE
920 201 1111 233 221-222
1224 176 1226 179 ’
1465 198 1552 243 205

175 309 284 360 ὅστις
315 307 359 350 δὲ
391 308 437 351 ἒν
462 307 590 367 ἡμέρᾳ
614 309 682 351 καὶ
707 309 811 362 φωτὶ
835 316 952 352 τοῦτο
977 315 1089 351 ποιεῖ
1106 309 1172 351 καὶ
1199 312 1432 364 σεμνύνεται
1457 311 1553 353 δυσ-

174 377 318 430 σεβῶν,
343 375 419 418 οὐκ
444 371 536 417 οἶδα
561 376 603 417 εἴ
619 391 657 417 τι
681 376 808 434 τούτῳ
828 375 908 417 ἔστι
933 376 1171 431 καθάρσιον.
1204 380 1245 418 4.
1263 373 1360 431 ἀλλ’,
1380 372 1553 432 ὦ’γαθέ,

176 442 232 496 μὴ
252 441 448 497 διάγραφε
467 441 538 492 τὰς
551 443 728 497 Χάριτας
746 448 818 484 τοῦ
838 442 1059 497 καταλόγου
1078 449 1157 484 τῶν
1176 447 1286 484 θεῶν
1299 438 1390 497 μηδ’
1408 442 1554 497 ὁμοίως

174 506 396 549 ἀκίνδυνον
427 505 530 562 ἡγοῦ
560 508 604 550 τὸ
636 512 777 549 λυπεῖν
809 507 876 562 ἐμέ
906 524 945 550 τε
976 507 1043 549 καὶ
1068 508 1138 550 τὸν
1163 507 1425 563 ἐπιστάμενον
1450 508 1553 563 ἀμύ-

175 577 322 615 νεσθαι
345 572 413 614 καὶ
439 572 599 615 λέουσιν
624 573 792 626 ἐοικότα,
817 574 887 615 τὸν
913 573 1107 628 ἀήττητον
1131 570 1358 628 Ὀλύμπιον.
1591 592 1606 619 5

814 741 913 797 σκβ’.
1046 750 1095 786 w
1122 755 1192 787 223
1211 751 1368 798 (Aneed.
1388 753 1416 788 t.
1435 751 1470 788 11
1488 764 1526 800 p.
1542 756 1626 799 337)

653 829 897 884 Γερμανῷ.
938 837 1031 881 (360
1040 834 1076 880 ,9)

240 913 277 951 1.
293 907 422 968 ’Ἄλλῳ
447 908 521 964 μὲν
539 908 700 965 ἄρχοντι
719 910 775 964 μὴ
795 910 1059 952 ἕπιστέλλοντι
1077 916 1162 961 τοῖς
1181 912 1316 965 φίλοις
1334 913 1553 967 συγγνοίην

174 975 249 1030 ἄν,
279 975 554 1027 ἕπικλύζονται
583 975 659 1032 γὰρ
692 976 771 1018 ὑπὸ
802 984 874 1018 τοῦ
906 977 1093 1030 πλήθους
1117 985 1197 1019 τῶν
1221 979 1475 1034 πραγμάτων,
1503 981 1553 1021 σὺ

177 1041 233 1095 δέ,
258 1043 419 1096 κρείττω
444 1042 520 1097 γὰρ
545 1042 644 1097 ἔχεις
669 1043 796 1095 φύσιν
821 1041 848 1097 ἢ
874 1050 990 1085 τοῦτο
1015 1048 1186 1096 παθεῖν,
1215 1044 1291 1086 οὐκ
1315 1044 1421 1086 ἔστιν
1447 1045 1555 1095 ὅπως
1578 1063 1609 1089 ιο

177 1108 230 1151 ἂν
260 1108 491 1164 ἀποφύγοις
520 1109 595 1163 τὴν
625 1109 769 1150 αἰτίαν.
821 1112 859 1150 2.
885 1108 982 1150 ἀλλὰ
1013 1109 1104 1163 περὶ
1135 1109 1208 1164 μὲν
1233 1117 1313 1152 τῶν
1337 1110 1554 1153 ἐπιστολῶν

178 1176 378 1233 βουλεύσῃ
409 1175 477 1217 καὶ
509 1176 605 1225 ἴσως
629 1175 838 1225 ἕπιστελεῖς
863 1175 1030 1216 κωλύων
1056 1176 1111 1229 μὴ
1137 1177 1255 1229 μείζω
1280 1189 1343 1217 σοι
1367 1175 1556 1231 γενέσθαι

178 1241 225 1283 τὰ
251 1241 493 1297 ἐγκλήματα,
517 1241 588 1283 τὸν
619 1241 793 1296 φέροντα
819 1239 862 1282 δὲ
886 1242 962 1295 τὴν
992 1241 1204 1296 ἐπιστολὴν
1236 1243 1273 1283 εἰ
1297 1243 1362 1284 δεῖ
1386 1258 1423 1284 τι
1447 1242 1556 1298 παρὰ

178 1314 253 1350 σοῦ
285 1311 437 1348 παθεῖν
467 1307 644 1363 ἀγαθόν,
676 1308 730 1362 μὴ
763 1309 976 1364 βουλεύσῃ·
1014 1309 1079 1349 δεῖ
1097 1308 1172 1363 γὰρ
1197 1315 1314 1350 τοῦτο
1340 1309 1469 1359 εὐθὺς
1492 1324 1555 1351 κε-

179 1374 365 1429 κρίσθαι,
396 1373 440 1415 τὸ
472 1374 558 1415 δεῖν
589 1373 714 1416 αὐτὸν
745 1368 790 1415 εὖ
821 1377 984 1414 παθεῖν.
1024 1376 1064 1414 3.
1096 1381 1176 1415 τῶν
1207 1390 1246 1415 τε
1271 1374 1347 1430 γὰρ
1372 1374 1462 1430 περὶ
1486 1374 1556 1417 τὸν
1576 1393 1610 1420 1⁵

179 1440 360 1495 ὕπαρχον
385 1440 566 1495 ρητόρων
591 1441 757 1490 οὐδενὸς
783 1440 945 1494 ὕστερος
968 1446 1015 1496 τῇ
1036 1456 1075 1481 τε
1094 1447 1174 1481 τῶν
1193 1441 1351 1496 τρόπων
1369 1441 1556 1499 ἐπιεικείᾳ

180 1512 335 1560 πρῶτος
359 1504 549 1548 ἁπάντων
574 1505 642 1560 ἐμέ
666 1522 706 1547 τε
732 1507 836 1548 οὕτω
863 1510 978 1559 φιλεῖ
996 1506 1063 1547 καὶ
1088 1508 1214 1561 χαίρει
1241 1513 1386 1561 τιμῶν,
1419 1506 1473 1556 ὡς
1503 1505 1556 1549 ἅν

179 1588 239 1622 τις
262 1571 392 1628 ἕτερος
419 1573 650 1626 τιμώμενος.
686 1576 725 1613 4.
752 1573 861 1623 ὅπως
887 1568 961 1614 οὖν
981 1572 1046 1614 ἐπὶ
1067 1573 1183 1614 δυοῖν
1203 1572 1400 1628 ἀγκύραιν
1419 1571 1556 1627 ὁρμεῖν

254 1715 275 1747 6
310 1713 377 1750 VII'
399 1711 448 1757 α’,
475 1712 541 1760 σγ’.
577 1713 631 1749 Va
658 1712 704 1760 γ’,
730 1711 775 1749 κ’.
811 1714 862 1750 Vo
889 1709 933 1759 γ’,
960 1712 1005 1748 κ’.
1033 1713 1061 1750 S
1084 1711 1131 1759 β’,
1158 1712 1219 1756 ἐξ.
1246 1714 1303 1749 Be
1327 1711 1392 1758 μᾶ’

254 1849 276 1881 3
301 1844 349 1881 ef.
370 1856 428 1892 op.
449 1848 518 1880 217
544 1857 583 1891 p.
605 1848 686 1889 199,
702 1848 759 1881 21.
796 1844 998 1880 Salzmann
1024 1848 1046 1880 8
1127 1848 1148 1879 ὅ
1176 1843 1295 1881 Seeck
1321 1848 1391 1880 224
1461 1849 1480 1881 7
1508 1845 1554 1883 cf.

183 1903 242 1939 ep.
263 1895 345 1928 203.
360 1896 441 1929 223.
469 1892 614 1929 Sievers
635 1897 717 1929 251.
753 1892 872 1929 Seeck
894 1896 973 1928 163.
995 1895 1076 1929 373.
1104 1892 1272 1929 Silomon
1291 1895 1338 1928 48
1409 1897 1452 1930 13
1478 1894 1555 1930 An-

184 1940 429 1988 dngathium
455 1940 503 1977 cf.
524 1952 582 1988 cp.
603 1944 673 1977 223
738 1944 783 1977 18
809 1940 1008 1976 Salzmann
1033 1944 1079 1976 66

254 2077 276 2109 2
302 2069 376 2109 οἷδ’
407 2073 508 2110 Vina
527 2074 535 2119 Ι
555 2073 675 2122 τούτῳ
701 2072 834 2119 scripsi
854 2083 874 2109 e
902 2072 1003 2110 Vina
1038 2071 1187 2113 τούτοις
1215 2072 1434 2109 VVaVoBe
1451 2071 1560 2110 Wolf

182 2134 331 2186 τούωῗξ·
354 2144 385 2182 ,ς
451 2148 472 2180 a
499 2144 597 2181 κατὰ
621 2144 735 2191 λόγου
760 2145 818 2181 Be
836 2143 916 2228 3⁹⁶¹
943 2142 979 2179 δ’
1014 2143 1343 2198 VVaVoViqtdBe
1417 2147 1460 2179 11
1487 2142 1556 2191 μὲν

182 2203 247 2228 om
272 2193 330 2229 Be
405 2195 448 2228 12
475 2193 680 2230 κωλύσωνῗ
745 2195 789 2228 13
813 2205 835 2228 τ
859 2205 881 2228 ν
907 2190 1074 2238 φέροντα
1100 2189 1142 2227 δὲ
1169 2191 1304 2237 scnpni
1325 2201 1345 2227 θ
1367 2191 1557 2230 VVaVoaS

206 2237 275 2276 τὸν
299 2239 342 2277 δὲ
368 2238 535 2286 φέροντα
561 2242 618 2277 Be
641 2239 751 2277 Wolf
822 2244 867 2276 14
892 2237 1022 2276 δεινὸν
1047 2239 1104 2276 Va
1114 2239 1202 2276 VoS
1238 2239 1243 2285 Ι
1283 2239 1354 2276 οὐκ
1379 2241 1470 2276 ante
1496 2240 1554 2277 εὖ·

183 2288 260 2330 θὺς
283 2287 386 2324 inser
418 2287 490 2325 Vo‘
562 2291 606 2324 18
632 2289 808 2326 ἐπιδυοῖν
833 2288 890 2324 Be
910 2289 916 2334 Ι
939 2290 1046 2325 δυεῖν
1072 2287 1129 2324 Va

257 2422 280 2454 6
303 2417 521 2467 Ὀλύμπιον]
547 2420 613 2456 τὸν
637 2425 706 2456 τοῦ
735 2417 886 2460 Θέωνος
911 2417 1080 2463 ἀδελφόν
1107 2428 1282 2464 suprascr
1301 2418 1357 2455 Be
1426 2422 1469 2454 18
1489 2418 1555 2455 τὸν

185 2464 354 2513 φέροντα
379 2467 439 2515 δὲ]
459 2465 735 2514 Ἄνδραγάθιον
761 2465 937 2514 δηλονότι
963 2476 1138 2512 suprascr
1163 2466 1220 2502 Be
