1806 2964
617 232 888 270 EPISTULAE
914 237 1024 270 ou-
1035 237 1102 269 6¹1⁷
1453 232 1540 277 617

173 344 250 401 ἐγὼ
283 344 326 387 δὲ
358 344 400 387 σὲ
425 345 564 399 βελτίω
590 344 662 398 μὲν
688 346 763 387 οὐκ
789 344 840 386 ἂν
864 351 1030 399 ποιῆσαι
1056 346 1278 398 δυναίμην,
1310 346 1475 399 βελτίων
1500 341 1537 386 δ’

174 410 227 453 ἂν
252 410 332 453 ὑπὸ
359 418 432 452 σοῦ
458 412 661 466 γενοίμην.
696 415 733 453 2.
759 410 825 452 καὶ
850 415 904 468 τῷ
929 412 1036 468 τόπῳ
1062 410 1106 453 δὲ
1125 410 1171 453 ὃν
1191 410 1348 468 ἀγαπᾷς
1367 412 1455 452 ἴσθι
1474 427 1543 465 μοι

175 475 464 532 κεχαρισμένος.
509 471 559 530 ἧς
589 476 664 532 γὰρ
697 477 772 531 ἐρῶ
798 477 969 530 πόλεως,
999 478 1150 531 ταύτην
1174 477 1294 532 ἔχεις,
1324 477 1391 518 καὶ
1416 485 1463 535 τῇ
1490 485 1542 535 σῇ

174 543 305 600 ψήφῳ
337 543 550 596 συμβαίνει
581 558 650 596 μοι
678 538 780 596 <εὖ>
805 547 966 584 κεῖσθαι
989 543 1063 597 τὴν
1088 543 1322 597 ἐπιθυμίαν.
1361 545 1401 584 3.
1425 543 1544 599 τρέφε

175 609 316 651 τοίνυν
341 607 489 650 αὐτόθι
513 607 587 662 τὴν
613 609 879 662 φιλοσοφίαν,
905 609 1012 659 ὅπως
1037 617 1085 667 τῇ
1111 609 1223 652 πόλει
1247 609 1342 663 μετὰ
1367 615 1447 651 τῶν
1471 624 1543 651 κα-
1581 624 1601 652 5

175 678 258 716 λῶν
289 673 448 715 ὑδάτων
479 673 547 715 καὶ
578 681 657 715 τῶν
688 675 891 716 παντοίων
922 675 1100 731 δένδρων
1130 674 1198 717 καὶ
1228 682 1299 728 τῆς
1323 681 1403 717 τῶν
1428 674 1544 730 ὡρῶν

175 740 351 794 κράσεως
375 739 442 780 καὶ
468 747 584 782 τοῦτο
610 741 667 790 εἰς
686 742 915 794 φιλοτιμίαν
935 741 1051 795 φέροι
1069 742 1111 783 τὸ
1131 740 1198 782 καὶ
1218 744 1405 783 Μουσῶν
1423 756 1545 795 μετει-

177 805 348 860 ληφέναι
373 805 417 848 τὸ
442 807 599 862 χωρίον.
634 809 673 847 4.
691 803 886 861 (Ησυχίου
913 805 954 848 δὲ
980 813 1051 848 τοῦ
1077 811 1222 860 καλοῦ,
1247 806 1301 860 μὴ
1333 806 1408 862 γὰρ
1441 802 1545 848 εἶναι

179 872 304 915 καλὸν
329 869 378 913 ὃν
402 871 578 922 ἐπαινεῖς
603 872 678 914 οὐκ
703 872 783 926 ἔνι,
813 879 933 927 γενοῦ
965 888 1033 926 μοι
1057 872 1191 926 σαφὴς
1216 873 1455 922 διδάσκαλος
1478 872 1545 914 καὶ

178 937 234 992 μὴ
267 937 444 992 τοῦνομα
475 938 618 993 εἰπών,
651 938 710 980 ὅτι
741 938 795 992 μὴ
822 939 952 980 πάντα
977 938 1205 992 ἐπίσταμαι,
1231 937 1385 991 μέμψιν
1409 946 1540 980 ποιοῦ.
1564 955 1600 981 ιο

816 1053 905 1112 κοζῖ
1471 1066 1520 1101 w
1547 1071 1618 1102 590

675 1134 920 1188 Μαριανῇ.
949 1141 1053 1184 (361)

244 1219 280 1256 1.
307 1209 371 1256 Εὖ
404 1214 517 1273 ᾔδειν
556 1215 615 1256 ὅτι
653 1220 740 1265 ταῖς
777 1215 1004 1267 συνθήκαις
1035 1214 1213 1268 έμμένεις
1245 1219 1328 1264 ταῖς
1359 1214 1449 1269 περὶ
1476 1221 1547 1268 τῆς

186 1279 403 1335 διφθέρας·
429 1279 456 1322 ἃ
481 1279 524 1322 δὲ
549 1281 738 1337 γενέσθαι
763 1294 827 1322 σοι
851 1281 1020 1330 κελεύεις
1045 1281 1153 1330 ὅπως
1177 1280 1245 1322 καὶ
1263 1280 1370 1322 ἔσται
1389 1280 1546 1335 ταχέως,

180 1347 518 1401 ἐπιμελησόμεθα·
556 1347 599 1388 τὸ
624 1347 700 1403 γὰρ
725 1346 952 1401 ἀπότευγμα
977 1353 1048 1388 τοῦ
1075 1346 1130 1400 μὴ
1160 1346 1399 1400 ποιήσοντός
1429 1347 1544 1389 ἐστιν.
1570 1362 1601 1389 25

185 1416 222 1455 2.
254 1410 281 1466 ἡ
312 1412 427 1462 πόλις
457 1411 502 1454 δὲ
533 1411 631 1467 ἡμῖν
655 1412 723 1455 καὶ
746 1419 870 1454 ταῦτα
894 1411 974 1454 ἀπὸ
999 1413 1207 1466 θαλάσσης
1230 1409 1427 1469 ᾠκισμένη
1451 1416 1547 1454 πολ-

183 1482 269 1528 λοῖς
293 1478 502 1532 πλήττεται
525 1482 609 1528 τοῖς
633 1480 794 1532 κύμασι,
819 1477 896 1520 κᾶν
920 1479 990 1536 ἔρῃ
1016 1495 1052 1520 τι
1076 1479 1166 1531 περὶ
1183 1486 1263 1521 τῶν
1283 1481 1427 1533 φίλων,
1451 1482 1547 1521 πολ-

183 1543 247 1586 λοὶ
277 1543 350 1598 μὲν
382 1544 426 1585 οἱ
453 1545 673 1598 φάσκοντες
698 1544 864 1599 εἰδέναι,
896 1541 979 1587 οἶδε
1005 1543 1048 1586 δὲ
1073 1545 1218 1594 οὐδείς.
1262 1545 1472 1599 εὐχώμεθα
1496 1545 1549 1599 δὴ

184 1605 266 1663 μετ’
288 1610 493 1664 εὐμενείας
513 1607 750 1668 Ἀλεξάνδρᾳ
773 1618 1024 1665 παραστῆναι
1048 1610 1118 1660 τὰς
1143 1612 1399 1665 Εἰλειθυίας,
1426 1611 1548 1652 ’ὄπου-

183 1691 257 1731 περ
283 1675 334 1717 ἂν
360 1674 382 1717 ὁ
407 1676 545 1731 καιρὸς
570 1676 717 1735 ἐπείγῃ.
1569 1693 1609 1719 το

261 1785 302 1816 11
339 1781 404 1817 V11
426 1779 473 1828 β’,
500 1780 563 1817 σε’.
596 1781 654 1818 Va
678 1780 720 1825 ζ’,
746 1781 813 1828 ἐν’.
841 1783 893 1818 Vo
918 1780 988 1828 (ζ’),
1014 1781 1080 1827 ξγ’.
1109 1782 1177 1819 Μο

259 1881 281 1914 8
307 1877 426 1915 Seeck
453 1881 522 1914 174
536 1876 586 1913 IV
664 1881 705 1914 12
732 1877 779 1914 ef.
801 1889 859 1924 ep.
881 1882 961 1914 662.
989 1877 1108 1914 Seeck
1127 1880 1207 1914 204.
1230 1879 1299 1913 387
1361 1880 1405 1913 19
1430 1876 1475 1913 cf.
1491 1886 1550 1923 ep.

189 1929 270 1961 734.
297 1925 415 1962 Seeck
441 1929 487 1962 5ss

263 2026 281 2058 1
308 2019 393 2059 οὐδ’
410 2023 497 2068 poet
514 2019 547 2059 δ’
566 2022 600 2058 V
659 2026 681 2058 3
697 2022 768 2068 ἐγὼ
785 2021 875 2057 libri
889 2031 909 2057 e
929 2032 1011 2057 corr
1030 2021 1119 2068 13ng.
1131 2021 1238 2057 Max.
1259 2020 1322 2068 (ε-
1337 2021 1534 2057 Par.2962

190 2081 274 2106 corr
283 2069 391 2106 Wolf
468 2074 492 2106 4
517 2067 560 2106 εὖ
585 2069 739 2110 inserui.
763 2071 808 2105 ut
832 2066 874 2106 εὖ
895 2069 952 2105 vel
972 2069 1013 2106 ἐν
1037 2072 1137 2115 καλῷ
1164 2069 1264 2104 inser
1289 2068 1373 2105 coni
1398 2068 1453 2104 Re
1490 2079 1552 2104 om

189 2118 279 2154 libri
299 2117 406 2154 Wolf
475 2121 494 2153 7
522 2116 620 2166 φέρῃ
647 2118 702 2154 Va
711 2118 763 2154 Vo
772 2119 841 2154 Mo
860 2119 900 2154 et
918 2117 1083 2163 praefert
1101 2116 1155 2152 Re
1220 2121 1242 2153 8
1267 2114 1334 2153 τὸν
1351 2123 1476 2164 χῶρον
1497 2117 1552 2152 Va

191 2166 261 2203 Mo
311 2169 355 2201 10
377 2166 527 2212 „malim
545 2166 688 2202 εἰπεῖν’*
713 2166 768 2201 Re
822 2169 863 2202 12
885 2170 1055 2211 μαριανῶ
1078 2166 1113 2202 V
1158 2169 1201 2201 14
1220 2165 1286 2200 καὶ
1304 2168 1394 2200 ante
1412 2177 1459 2200 τα
1484 2162 1555 2205 έως

198 2214 254 2251 Va
264 2215 333 2250 Μο
421 2217 464 2249 15
491 2213 869 2261 &unitatum-scripsi
895 2211 1079 2259 ἐπίταγμα
1109 2212 1198 2248 libri
1225 2212 1333 2248 Wolf
1365 2211 1555 2258 ἐπιτιμιον

190 2264 259 2298 aut
283 2259 501 2308 ἀπότευγμα
534 2261 589 2297 Re
617 2261 622 2308 Ι
649 2266 716 2298 τοῦ
742 2260 791 2307 μὴ
813 2261 847 2296 V
868 2261 934 2297 aed
960 2266 1007 2297 οῦ
1031 2261 1071 2296 in
1098 2274 1112 2296 ι
1136 2271 1219 2297 corr
1243 2259 1301 2296 ω’
1334 2259 1421 2306 τιμὴ
1450 2260 1518 2296 Mo
1545 2265 1550 2306 ι

190 2315 259 2347 τοῦ
290 2311 379 2346 ante
411 2308 638 2354 ποιήσοντος
664 2310 719 2345 Va
744 2311 782 2345 et
805 2309 907 2345 inser
933 2308 988 2345 V’
1019 2305 1079 2345 ιοῦ
1108 2310 1177 2345 Mo
1288 2311 1330 2344 17
1357 2307 1555 2354 πλήττεται

191 2357 265 2394 acri
293 2357 326 2393 ai
351 2368 373 2394 ο
399 2357 507 2394 VMo
548 2356 748 2393 πλάττεται
776 2357 830 2393 Va
839 2358 892 2394 Vo
933 2356 1154 2402 ταράττεται
1184 2367 1205 2392 ο
1231 2366 1315 2392 corr
1333 2356 1422 2403 Ray.
1444 2356 1553 2392 Max.

193 2405 264 2441 Wo
326 2404 332 2453 Ι
361 2404 490 2452 lon-V
503 2405 571 2441 ned
588 2404 691 2441 εἴποι
709 2415 884 2451 suprascr
900 2405 958 2440 ω’
995 2403 1095 2441 εἴποι
1114 2404 1184 2441 Mo
1204 2405 1210 2450 Ι
1231 2402 1268 2440 τί
1294 2404 1328 2440 V
1386 2406 1431 2440 18
1451 2400 1556 2440 οἶδεν

200 2454 256 2490 Va
283 2453 288 2501 1
316 2450 509 2500 εὐχόμεθα
529 2454 599 2490 Mo
649 2455 693 2489 19
719 2452 936 2501 ἀλεξάνδρῳ
956 2453 1025 2488 Mo
1045 2455 1052 2496 Ι
1072 2457 1312 2498 παραστῆναι
1330 2451 1464 2497 scripsi
1484 2462 1504 2487 e
1531 2452 1563 2487 V

192 2501 259 2537 ned
279 2515 302 2538 ν
327 2511 347 2537 e
374 2512 395 2536 σ
420 2511 504 2537 corr
521 2500 579 2536 ιιι*
614 2505 852 2547 παραστῆσαι
878 2500 1071 2536 VaVoMo
1097 2499 1205 2535 Wolf
1239 2501 1246 2546 Ι
1276 2498 1475 2545 εἰληθυίας
1501 2499 1558 2535 Va
