1806 2964
266 215 350 258 198
856 215 1040 252 LIBANn

264 327 330 368 καὶ
354 327 492 378 πόνος,
516 324 591 380 ὑφ’
614 324 671 368 ὧν
696 335 743 385 τῇ
765 326 836 380 μὲν
871 325 991 369 ὕδατά
1012 343 1051 368 τε
1069 326 1136 368 καὶ
1154 328 1323 377 κάλλους
1341 326 1492 382 ἐγένετο
1510 340 1634 383 προσ-

265 393 395 446 θήκη,
420 393 482 434 σοὶ
507 393 550 434 δὲ
576 390 647 434 ἀπ’
672 392 902 447 ἄμφοτέρωι
939 392 1077 446 ὄνομα.
1121 397 1158 436 2.
1185 392 1239 442 ὡς
1264 388 1339 434 οὖν
1364 389 1443 435 εἶδέ
1467 409 1513 447 με
1537 410 1634 448 γαν-

268 458 446 500 νυθέντα
470 460 653 512 καθάπερ
681 458 805 500 αὐτὸν
831 458 928 500 ὄντα
951 459 1021 500 τόν
1042 475 1082 500 τε
1100 458 1360 514 εἰργασμένον
1378 459 1448 501 τόν
1466 475 1505 500 τε
1525 458 1635 501 ἐπαι-

267 525 466 577 νούμενον
490 522 630 582 ἀπῄτει
656 525 806 577 μισθὸν
831 531 902 578 τῆς
928 524 994 565 διὰ
1019 524 1092 577 τὴν
1118 525 1195 578 σὴν
1219 524 1362 579 ἀρετὴν
1386 523 1539 579 ἡδονῆς
1559 525 1634 579 τὴν

233 605 250 631 5
269 588 368 644 ὑπὲρ
393 590 516 632 αὑτοῦ
542 590 641 644 πρὸς
667 589 709 631 σὲ
734 586 823 644 παρ’
839 588 955 644 ἡμῶν
979 590 1202 645 ἐπιστολήν,
1226 589 1302 645 ἐγὼ
1325 590 1368 632 δὲ
1388 591 1462 632 οὐκ
1480 590 1635 646 ἔφυγον

267 656 321 708 μὴ
358 656 500 696 δοῦναι
535 656 685 708 μισθὸν
719 657 824 697 οὕτω
857 656 926 697 καὶ
959 657 1117 697 δίκαιον
1150 656 1217 698 καὶ
1251 656 1311 698 σοὶ
1343 656 1634 711 κεχαρισμένον.

269 723 307 762 3.
328 721 501 776 ἔγγραφε
517 721 568 774 δὴ
588 721 658 763 τὸν
677 720 805 775 ἄνδρα
824 727 906 772 τοῖς
925 723 1072 775 φίλοις,
1090 720 1174 763 ἐπεὶ
1191 722 1258 763 καὶ
1276 720 1404 775 ἡμεῖς,
1426 721 1494 763 καὶ
1512 728 1634 778 πειρῶ

266 803 303 827 τι
327 791 458 828 ποιεῖν
482 786 640 841 ἀγαθόν
655 799 663 806 ·
691 787 784 830 οὐδὲ
803 787 878 843 γὰρ
898 786 1032 842 ἡμεῖς,
1057 788 1099 829 εἴ
1116 804 1152 829 τι
1170 793 1300 829 ποιεῖν
1325 787 1494 842 ἔχοιμεν,
1516 787 1635 841 ὀκνή-

269 864 401 905 σομεν.

196 931 243 966 w
270 935 338 968 217
910 923 994 975 σις’.

216 1024 248 1049 ιι
765 1013 834 1067 Τῷ
857 1009 991 1067 αὐτῷ.
1031 1020 1136 1063 (360)

333 1096 370 1135 1.
391 1088 483 1134 Ἐπ’
498 1092 621 1151 ἐξόδῳ
645 1099 716 1147 τῆς
740 1094 982 1148 λειτουργίας
1008 1091 1030 1134 ὁ
1049 1092 1218 1146 ἀνεψιός
1235 1093 1318 1134 ἐστί
1334 1109 1423 1146 μου.
1451 1093 1576 1147 νόμος
1593 1092 1649 1152 δὲ,

270 1157 318 1199 τὰ
342 1162 541 1200 τελευταῖα
564 1158 632 1200 καὶ
657 1158 818 1213 μέγιστα
842 1155 945 1200 εἶναι
968 1165 1040 1212 τῆς
1059 1174 1101 1214 γε
1120 1160 1307 1212 τοιαύτης
1325 1160 1579 1215 λειτουργίας.
1613 1157 1636 1201 ὁ

271 1223 314 1266 δὲ
338 1228 467 1274 καλῶς
492 1226 715 1280 φροντίζων
740 1231 812 1279 τῆς
836 1224 1060 1279 ὑπερβολῆς
1086 1224 1194 1274 ὅπως
1219 1224 1262 1266 ἐν
1284 1225 1431 1282 ἑκάστῳ
1450 1231 1529 1266 τῶν
1547 1239 1637 1267 ποι-

218 1296 252 1323 ¹⁶
272 1290 454 1344 ουμένων
484 1290 587 1344 αὐτὴ
618 1295 802 1344 φανεῖται
833 1294 1019 1346 φροντιεῖ
1042 1289 1091 1332 οὗ
1123 1291 1249 1344 μόνον
1279 1287 1387 1332 ἆθλα
1418 1291 1533 1344 μείζω
1558 1296 1638 1332 τῶν

271 1357 451 1408 πρόσθεν
476 1356 603 1405 τιθεὶς
629 1356 722 1398 οὐδὲ
747 1357 868 1399 πλείω
893 1357 1021 1411 θηρία
1045 1356 1159 1414 φόνῳ
1179 1356 1333 1410 διδούς,
1357 1355 1454 1397 ἀλλὰ
1472 1355 1540 1397 καὶ
1557 1362 1639 1397 τῶν

271 1422 371 1477 πρὸς
401 1428 523 1463 ταῦτα
547 1421 859 1477 ἀγωνιουμένων
882 1423 1130 1477 πολλαχόθεν
1157 1423 1398 1476 ποιούμενος
1423 1421 1638 1477 συλλογήν·

271 1495 387 1530 τοῦτο
411 1488 487 1543 γάρ
511 1487 618 1530 ἐστιν
641 1487 813 1543 ἀτεχνῶς
838 1488 908 1530 τὸν
932 1492 1146 1541 κολοφῶνα
1165 1487 1377 1529 ἐπιθεῖναι.
1411 1491 1448 1529 2.
1467 1493 1540 1541 τῆς
1557 1487 1638 1530 τοί·

273 1571 351 1595 νυν
376 1554 443 1596 διὰ
468 1561 547 1596 τῶν
571 1560 801 1609 κυνηγετῶν
824 1553 1047 1609 ὑπερβολῆς
1072 1553 1117 1596 ἐν
1135 1553 1198 1595 σοὶ
1222 1553 1265 1595 τὸ
1283 1557 1477 1596 πλεῖστον.
1505 1553 1639 1608 τρέφει

220 1625 255 1652 ²⁰
274 1620 349 1674 γὰρ
373 1618 399 1673 ἡ
428 1621 600 1673 Φοινίκη
625 1620 719 1669 τοὺς
742 1619 789 1660 τὰ
813 1626 975 1661 τοιαῦτα
1000 1620 1168 1670 δεινούς.
1206 1615 1288 1672 οἷς,
1312 1619 1349 1660 εἰ
1371 1618 1444 1673 μὲν
1468 1619 1519 1661 σὺ
1543 1619 1638 1673 βού-

272 1689 373 1739 λοιο,
396 1685 627 1740 χρησόμεθα
643 1698 652 1708 ·
684 1685 740 1739 μή
771 1684 1020 1739 βουλομένου
1049 1684 1092 1727 δὲ
1116 1684 1215 1726 κατὰ
1239 1691 1354 1726 τοῦτο
1379 1685 1638 1739 χωλεύσομεν.

273 1751 341 1793 καὶ
366 1751 565 1805 μέμψεταί
586 1767 645 1801 τις
664 1751 737 1806 οὐχ
754 1749 860 1805 ἡμᾶς
884 1751 976 1800 τοὺς
995 1749 1280 1805 ἀτυχήσαντας,
1304 1749 1403 1791 ἀλλὰ
1423 1751 1493 1792 τὸν
1511 1749 1637 1804 ἀμνη·

274 1825 476 1871 μονοῦντα
502 1824 579 1858 τῶν
604 1818 746 1870 φίλων.
790 1815 843 1865 ὡς
862 1815 934 1870 μὲν
959 1815 1034 1871 γὰρ
1059 1819 1256 1869 καλοῦμεν
1280 1816 1374 1866 τοὺς
1397 1815 1554 1858 ἐκεῖθεν
1570 1815 1639 1857 καὶ

273 1878 363 1938 παρ’
392 1878 441 1924 οὗ
472 1882 542 1934 τὴν
575 1883 689 1938 χάριν
720 1882 909 1936 αἰτοῦμεν
939 1881 1072 1932 οὐδεὶς
1101 1880 1293 1936 ἠγνόηκε·
1324 1880 1563 1936 γιγνομένου
1594 1880 1638 1923 δὲ

349 1996 394 2028 10
427 1992 494 2029 VI!
514 1990 564 2035 α’.
590 1990 689 2039 pqn‘.
723 1992 778 2028 Va
801 1990 849 2038 γ’,
874 1990 930 2028 ιε’.
962 1991 1012 2028 Vo
1037 1990 1082 2038 γ’,
1109 1990 1154 2027 ιε’

349 2097 392 2129 11
421 2092 566 2129 Sievers
591 2096 636 2128 83
662 2094 740 2129 not.
767 2095 824 2129 76.
851 2091 969 2129 Seeck
995 2095 1052 2129 71.
1079 2095 1161 2129 872.
1188 2091 1356 2128 Silomon
1380 2095 1426 2128 42

348 2192 370 2224 2
396 2186 462 2225 ἀπ’
493 2188 647 2234 reposui
671 2199 692 2224 ο
716 2187 825 2224 libris
861 2188 915 2224 ὑπ
950 2187 1059 2225 Wolf
1092 2189 1098 2234 Ι
1138 2184 1239 2225 εἶδέν
1264 2187 1380 2270 Vavkr
1393 2185 1638 2234 γαννυθέντα

277 2236 411 2282 scripti
436 2246 456 2272 ο
483 2237 574 2274 VVo
609 2235 835 2282 γανωθέντα
860 2236 917 2272 Va
940 2236 1008 2272 ned
1032 2249 1062 2272 ω
1086 2235 1127 2271 in
1150 2246 1213 2272 m
1237 2235 1305 2279 ιη’,
1379 2234 1434 2271 οΗ
1457 2234 1505 2271 cf.
1521 2234 1637 2271 Arist.

277 2284 370 2320 Aah.
391 2287 411 2319 ‘1
485 2287 508 2320 ὅ
532 2284 651 2320 αὐτοῦ
674 2282 764 2319 libri
781 2282 890 2320 Wolf
952 2287 974 2319 6
992 2283 1058 2320 καὶ
1066 2285 1116 2329 (1)
1127 2282 1422 2319 inseruiolibris
1457 2293 1520 2319 om
1532 2281 1644 2318 Wolf

326 2335 349 2368 8
372 2331 411 2368 τί
425 2332 461 2368 V
523 2335 569 2367 12
594 2331 694 2368 ἐστιν
710 2331 767 2368 Va
787 2332 794 2377 Ι
814 2343 886 2377 μου
906 2330 1041 2377 scripsi
1065 2343 1130 2377 μοι
1146 2329 1235 2367 libri
1253 2329 1362 2366 Wolf
1375 2330 1422 2366 cf.
1442 2342 1478 2377 p.
1499 2332 1635 2375 201‚1⁹

353 2383 397 2415 13
410 2390 464 2424 sq.
491 2377 534 2420 ὃς
551 2378 599 2425 δὴ
618 2379 655 2416 V
685 2377 705 2415 ὃ
730 2378 779 2425 δὴ
799 2378 915 2416 VaVo
933 2378 999 2415 sed
1018 2378 1059 2414 in
1077 2378 1148 2415 hoo
1173 2377 1194 2415 ὁ
1219 2378 1261 2416 δὲ
1286 2389 1331 2414 su
1358 2388 1464 2414 rascr
1489 2377 1548 2414 ιιι·

286 2430 331 2463 16
357 2427 452 2473 αὐτῇ
479 2427 535 2464 Va
543 2427 596 2464 Vo
618 2438 710 2462 num
740 2426 867 2476 αὑτῷῗ
950 2429 995 2462 18
1019 2428 1289 2471 προσθετιθετς
1338 2437 1363 2462 a
1383 2427 1390 2472 Ι
1410 2423 1558 2471 πρόσθε
1583 2425 1638 2462 Vo

279 2473 388 2510 Wolf
458 2476 502 2510 18
527 2474 646 2523 τούτῳ
671 2474 708 2511 V
767 2477 815 2509 24
838 2468 963 2519 παρόυ
991 2475 1046 2511 Va

1802 636 1806 649 μ
1804 610 1806 615 .
1797 338 1806 599 ..affluat—maae—
