1806 2964
633 211 904 249 EPISTULAE
930 214 1121 249 nvo-27⁸
1219 259 1221 262 Α
1480 210 1570 253 259

828 347 925 403 σοβ’.
1496 355 1545 390 W
1572 359 1642 391 275

677 436 747 490 Τῷ
774 433 907 490 αὐτῷ.
941 436 1074 480 (3612)

254 521 292 559 1.
323 520 412 558 Τῶν
436 516 526 573 περὶ
549 516 655 570 ὑμᾶς
679 518 899 571 ταξιαρχῶν
913 513 1162 572 Ἡρωδιανὸς
1186 516 1230 558 τὸ
1257 521 1348 569 νῦν,
1372 515 1566 571 πρότερον

191 582 236 625 δὲ
261 582 451 637 ἐπολέμει,
476 582 544 624 καὶ
569 583 674 625 ἔστιν
699 582 804 638 ἀνὴρ
831 581 1018 637 ὠφελῶν,
1050 582 1181 638 ὥσπερ
1212 577 1265 637 ἦν
1295 582 1380 635 τότ-ε
1412 585 1566 623 λυπῶν.

196 653 235 691 2.
260 648 337 705 ἐγὼ
363 648 406 691 δὲ
431 649 555 691 αὐτὸν
580 649 774 704 πρότερον
805 648 878 703 μὲν
903 648 1081 691 ἐπαινῶν
1105 648 1181 690 οὐκ
1205 647 1394 702 ἐφίλουν,
1419 654 1497 690 νῦν
1522 647 1565 690 δὲ
1604 662 1620 689 ⁵

190 715 259 757 καὶ
289 716 485 769 θαυμάζω
523 715 590 757 καὶ
630 719 746 768 φιλῶ.
794 715 862 757 καὶ
892 715 1117 770 βουλοίμην
1148 714 1256 774 αὐτῷ
1284 714 1355 756 τὸν
1388 720 1459 768 τῆς
1494 730 1566 770 γυ-

190 781 330 831 ναικὸς
355 780 531 835 ἀδελφὸν
557 781 819 836 ἀπολυθῆναι
843 788 924 823 τῶν
949 781 1112 836 φόβων,
1143 779 1216 831 οὓς
1249 779 1366 831 ὄντας
1400 779 1566 831 ἀδίκους

190 846 352 902 ἀναιρεῖ
372 847 444 902 μὲν
469 848 668 903 βασιλεύς,
693 847 806 890 ἄνελε
833 847 875 890 δὲ
901 848 962 889 σύ.

829 989 925 1048 τογ’.
1494 999 1544 1034 w
1570 1002 1642 1036 2⁷6

684 1078 923 1136 Εὐσεβίῳ.
959 1082 1068 1126 (358)
1588 1092 1623 1118 ιο

255 1167 291 1204 1.
307 1159 478 1218 ’Ήρκεσέ
515 1178 584 1216 μοι
620 1168 773 1217 γνῶναι
814 1162 872 1204 ὅτι
919 1162 1034 1216 δοίης
1071 1161 1143 1216 ἄν,
1180 1161 1268 1203 ἐπεί
1302 1176 1363 1202 τοι
1394 1159 1462 1202 καὶ
1493 1160 1568 1214 τὴν

190 1227 319 1284 ἀρχὴν
343 1229 482 1284 πείρας
513 1229 645 1270 εἵνεκα
678 1226 825 1286 ᾔτουν,
851 1228 961 1278 ὅπως
986 1229 1135 1282 εἰδείην
1166 1228 1204 1269 εἰ
1232 1226 1299 1269 καὶ
1332 1226 1380 1268 τὰ
1405 1233 1568 1268 τοιαῦτα

193 1296 343 1345 δώσεις.
370 1295 509 1348 μνήμη
535 1293 578 1336 δὲ
604 1299 765 1348 μισθῶν
797 1292 1070 1348 ὀφειλομένων
1096 1294 1171 1336 οὐκ
1194 1289 1249 1348 ἧν
1274 1292 1569 1342 ἐσπουδακότος

193 1362 324 1417 λόγος,
342 1357 427 1403 ἀλλ’
452 1360 601 1417 ἀνδρὸς
625 1359 830 1414 ἡδομένου
855 1368 904 1419 τῇ
925 1361 1063 1419 μνήμῃ
1082 1366 1153 1414 τῆς
1178 1360 1407 1408 συνουσίας.
1433 1359 1470 1400 εἰ
1492 1358 1568 1414 γὰρ

192 1428 244 1482 δὴ
281 1427 349 1470 καὶ
384 1427 542 1482 σφόδρα
574 1425 747 1480 ὀφείλων
781 1427 1011 1483 ἐτύγχανες,
1046 1430 1218 1484 τριπλῇ
1255 1429 1492 1482 τετραπλῇ
1527 1421 1563 1466 τ’
1587 1441 1622 1469 1⁶

191 1493 425 1544 ἀπέτισας
450 1493 580 1549 ἔργοις
606 1494 756 1548 μείζοσι
779 1492 848 1535 καὶ
872 1494 1051 1536 καλλίοσι
1075 1500 1156 1535 τῶν
1175 1493 1312 1548 Γύγου
1343 1491 1566 1547 χρημάτων.

195 1564 234 1603 2.
259 1560 401 1603 τοῦτόν
427 1576 465 1602 τε
491 1555 566 1602 οὖν
591 1560 652 1614 ἔχε
676 1560 746 1602 τὸν
771 1561 898 1602 ἵππον
922 1559 1054 1613 ἕτερόν
1079 1575 1118 1601 τε
1145 1558 1199 1613 μὴ
1226 1558 1342 1613 ζήτει.
1371 1565 1451 1608 πᾶς
1476 1556 1518 1599 δὲ
1546 1557 1567 1599 ὃ

191 1633 271 1669 τῶν
296 1625 546 1681 ὑποσχέσεων
571 1626 748 1677 ἀκούσας
773 1626 985 1668 ἀκούσεται
1010 1626 1053 1668 τὸ
1079 1626 1197 1681 ἔργον
1215 1624 1284 1667 καὶ
1308 1624 1501 1678 κοσμήσει
1525 1621 1565 1664 σὲ

193 1692 265 1747 μὲν
289 1698 343 1751 τῷ
369 1693 540 1748 πέμψαι,
564 1697 617 1751 τῷ
639 1692 693 1747 μὴ
719 1695 857 1748 λαβεῖν
883 1692 926 1735 δὲ
952 1691 1030 1747 ἐμέ.

266 1857 284 1888 1
314 1852 384 1892 VH
405 1850 456 1897 α’,
482 1851 576 1888 σνδ’.
611 1852 667 1888 Va
692 1850 738 1898 y'‚
764 1854 797 1887 ὃ.
833 1852 887 1888 Vo
906 1850 952 1897 γ’,
978 1855 1001 1887 ὃ
1089 1855 1109 1887 9
1143 1863 1206 1892 νη
1229 1851 1278 1897 α’,
1311 1852 1398 1891 σνε’.
1440 1855 1497 1891 Va
1521 1854 1567 1901 γ’,

194 1899 266 1936 οα’.
299 1901 354 1937 Vo
378 1899 424 1947 γ’,
455 1904 503 1936 οᾶ

264 2048 285 2080 2
313 2044 431 2081 Seeck
465 2048 520 2081 ⁷1.
555 2048 636 2081 876.
678 2044 846 2081 Silomon
872 2048 918 2081 48
997 2049 1041 2080 10
1068 2044 1115 2081 cf.
1137 2057 1195 2092 ep.
1217 2049 1299 2084 261.
1332 2045 1451 2083 Seeck
1486 2050 1566 2084 140.

192 2096 272 2129 876.
300 2092 468 2130 Silomon
494 2096 540 2130 45
551 2105 605 2140 sq.
671 2097 716 2129 15
742 2093 784 2129 11.
807 2107 832 2129 α
860 2096 930 2129 128
994 2097 1038 2129 16
1067 2094 1112 2130 cf.
1135 2105 1192 2140 ep.
1214 2098 1272 2132 52.
1299 2093 1500 2131 Salzmann
1520 2099 1565 2131 27

266 2241 288 2273 3
313 2237 411 2285 ἡμᾶς
430 2238 488 2275 Va
508 2239 514 2285 Ι
535 2237 748 2284 ταξιάρχων
775 2237 828 2274 Vo
854 2236 965 2274 Wolf
982 2238 988 2285 Ι
1009 2243 1125 2275 τονῦν
1146 2239 1239 2276 VVo
1265 2238 1373 2276 Wolf
1425 2243 1468 2276 11
1485 2253 1567 2288 την-

192 2285 428 2372 άρέζινγῖνο
442 2286 755 2380 1ἕνὲιίιίσθὸῖ9ῐ7μή
781 2289 843 2370 ἔρῃ
852 2284 1108 2372 τὶῒοίιιιιιεοῐζανο
1120 2290 1177 2352 ‘17
1203 2288 1303 2335 τε(2)
1330 2287 1468 2336 scripsi
1494 2299 1514 2325 e
1536 2289 1573 2326 V
