1806 2964
632 242 904 281 EPISTULAE
929 247 1120 280 455-459
1473 243 1564 286 445

186 357 437 413 ἀνθρώπων,
455 355 739 411 ἀκριβεστάτου
758 355 802 398 δὲ
822 355 1037 412 ἀρχόντων.
1056 356 1166 398 ταυτὶ
1187 356 1262 411 γὰρ
1281 356 1350 398 καὶ
1368 356 1424 398 ἔτι
1443 358 1565 398 πλείω

187 424 342 466 τούτων
366 419 477 465 εἶδον
502 421 576 477 μὲν
599 423 643 465 οἰ
662 422 733 464 τὸν
746 418 1044 477 Ἑλλήσποντον
1069 423 1272 473 οἰκοῦντες
1297 421 1342 464 ἐν
1361 422 1564 481 Εὖσεβίῳ,

186 490 391 546 γνώσεσθε
410 488 454 531 δὲ
473 489 597 542 ὑμεῖς.
626 491 665 531 3.
680 489 750 538 δὸς
769 487 815 531 δέ
834 505 902 543 μοι
916 493 1123 544 προειπεῖν
1135 487 1191 539 ὥς
1202 485 1298 545 παρ’
1315 488 1431 543 ὑμῶν
1445 490 1564 545 δεῦρο

187 556 384 610 βαδιεῖται
401 556 446 598 τὸ
464 555 616 610 κέρδος.
654 555 729 598 σὸν
747 555 798 610 δὴ
819 556 1028 598 δεικνύναι
1051 555 1215 610 σαυτόν,
1240 554 1296 606 ὣς
1319 556 1377 606 είς
1401 556 1565 611 καθαρά

187 637 232 678 γε
256 617 338 664 ὦτα
362 622 457 672 τοὺς
475 622 620 678 λόγους
643 620 815 676 ἀφήσεις
839 620 1040 676 καὶψυχὴ
1059 625 1246 675 φανεῖται
1269 620 1363 672 ἀξία
1381 622 1564 675 σπουδῆς
1602 635 1619 662 5

186 687 428 742 ἐπισταμένη
452 704 496 744 γε
522 689 664 743 διορᾶν
688 687 756 729 καὶ
782 684 843 738 οἷς
867 688 918 730 ού
942 686 1190 742 προσεκτέον.

823 807 927 862 υνη’.
1466 817 1516 853 W
1544 821 1637 854 1257

659 891 872 952 Ἀλκίμῳ.
922 901 1091 951 (355]56)

251 982 290 1020 1.
305 976 415 1032 Ἤδη
439 978 550 1028 τινὸς
573 976 731 1032 ἤκουσα
755 977 938 1033 λέγοντος
963 977 1018 1027 ὣς
1042 977 1246 1032 εὐδαίμων
1265 978 1466 1033 Εὐσέβιος
1491 981 1564 1033 βα-

185 1048 293 1086 σιλεῖ
309 1059 353 1100 γε
378 1042 437 1086 ὢν
456 1045 612 1094 οἰκεῖος.
649 1043 726 1099 ἐγὼ
752 1042 796 1085 δὲ
822 1047 983 1097 φαῦλον
1007 1042 1081 1098 μὲν
1105 1043 1202 1086 οὐδὲ
1224 1051 1342 1086 τοῦτο
1372 1043 1563 1100 ἡγοῦμαι,
1585 1061 1619 1087 ιο

186 1110 256 1152 διὰ
281 1109 324 1152 δὲ
349 1111 424 1165 τὴν
447 1110 594 1167 ἀρετὴν
618 1102 645 1169 ᾖ
671 1111 769 1168 συζῇ
794 1110 865 1152 τὸν
896 1109 1026 1165 ἄνδρα
1055 1111 1278 1165 εὐδαίμονα
1307 1115 1428 1153 καλῶ.
1477 1118 1565 1162 πῶς

187 1177 263 1232 γὰρ
290 1177 366 1219 οὐκ
391 1176 508 1232 ἀρετὴ
528 1177 572 1219 τὸ
591 1176 636 1219 ἐν
655 1176 816 1234 ἐξουσίᾳ
833 1184 906 1218 τοῦ
924 1176 1117 1231 γενέσθαι
1141 1177 1268 1219 κακὸν
1293 1176 1453 1232 ἀγαθὸν
1472 1177 1564 1219 ἐθέ-

186 1246 272 1285 λειν
305 1240 428 1295 εἶναι;
481 1246 517 1284 2.
553 1243 624 1285 τὸν
657 1242 730 1297 μὲν
765 1238 840 1285 οὖν
860 1239 1157 1296 Ἑλλήσποντον
1191 1239 1280 1285 οἷον
1313 1243 1443 1298 εὑρὼν
1474 1240 1563 1286 οἷον

186 1309 348 1364 ἔδειξεν,
372 1309 554 1364 ἠκούετε·
580 1309 629 1351 τὰ
655 1306 693 1351 δ’
722 1308 891 1364 ὑμέτερα
915 1309 1061 1364 ταχέως
1079 1325 1140 1359 τις
1164 1308 1283 1359 ἄλλος
1308 1308 1456 1367 ᾄσεται.
1494 1310 1562 1364 ἐμὲ
1586 1329 1596 1340 ·

186 1374 232 1417 δὲ
256 1376 325 1417 διὰ
348 1376 514 1418 πάντων
538 1375 754 1430 τετιμηκὼς
778 1378 947 1434 μεγίστῳ
966 1377 1092 1434 τούτῳ
1118 1376 1338 1430 κεκόσμηκε
1363 1377 1462 1426 δοὺς
1480 1376 1562 1418 ἐπι·
1584 1392 1618 1419 15

186 1446 337 1484 στεῖλαι
360 1439 415 1484 δι’
436 1442 563 1484 αὐτοῦ
587 1447 671 1492 τοῖς
694 1443 922 1498 γνωρίμοις.
963 1447 1002 1485 3.
1027 1441 1163 1496 λαβὼν
1189 1442 1232 1484 δὲ
1257 1442 1332 1496 τὴν
1350 1442 1563 1496 ἐπιστολὴν

187 1509 296 1561 φίλει
322 1508 396 1562 μὲν
421 1509 552 1564 ὥσπερ
578 1507 646 1563 ἐμὲ
670 1509 741 1551 τὸν
765 1507 909 1563 ἄνδρα,
934 1509 1117 1562 θαύμαζε
1143 1507 1186 1550 δὲ
1213 1507 1267 1558 ὡς
1292 1509 1369 1551 οὐκ
1392 1507 1527 1551 ἄλλον.

819 1628 927 1671 υνθ’.
1466 1637 1516 1672 W
1543 1641 1636 1674 1258

588 1710 933 1771 Ἀρισταινέτῳ.
985 1723 1154 1770 (355156)

251 1801 290 1840 1.
311 1794 493 1853 Ἠρόμην
512 1799 582 1840 τὸν
600 1804 787 1854 γενναῖον
800 1798 1018 1853 Εὐσέβιον,
1042 1799 1084 1840 εἴ
1102 1812 1144 1840 σε
1170 1800 1301 1853 τιθείη
1320 1806 1401 1841 τῶν
1419 1800 1561 1852 φίλων.
1581 1814 1618 1841 ιο

187 1863 212 1906 ὁ
245 1863 290 1907 δὲ
321 1864 403 1906 καὶ
437 1865 566 1906 πάνυ
600 1864 703 1919 φησὶ
734 1864 834 1920 μέγα
864 1866 987 1920 βοῶν.
1037 1863 1064 1918 ἡ
1090 1864 1167 1919 βοὴ
1193 1863 1237 1906 δὲ
1261 1860 1316 1919 ἦν
1341 1866 1562 1918 δηλοῦντος

186 1930 243 1980 ὡς
274 1929 318 1972 ἐν
347 1930 478 1985 κέρδει
510 1935 666 1973 ποιοῖτο
691 1932 767 1986 τὴν
801 1932 954 1985 φιλίαν.
1007 1934 1046 1971 2.
1072 1931 1122 1972 σὺ
1147 1932 1287 1972 τοίνυν
1317 1930 1435 1985 ἀφείς
1468 1946 1563 1973 ποτε

261 2039 281 2070 ’1
316 2037 368 2073 Vt
388 2035 435 2082 γ’,
461 2035 558 2083 ρμη’.
593 2037 650 2073 Va
674 2035 717 2082 ε’,
743 2035 796 2073 σε’
873 2040 918 2073 18
951 2036 1003 2074 VI
1023 2038 1071 2083 γ’,
1096 2035 1199 2097 ρμιθῖ
1232 2037 1290 2074 Va
1315 2035 1357 2081 ε’,
1382 2034 1440 2077 ος’

262 2135 284 2167 2
310 2132 356 2168 cf.
382 2143 441 2178 op.
466 2135 551 2169 468.
598 2131 719 2169 Seeck
754 2136 823 2169 138
916 2135 939 2168 8
965 2133 1011 2169 cf.
1039 2143 1098 2180 ep.
1118 2136 1202 2169 456.
1241 2132 1390 2169 Siovers
1422 2136 1504 2177 233,
1526 2135 1559 2167 3.

187 2178 310 2216 Seeck
335 2183 393 2217 52.
419 2183 492 2216 324
600 2184 623 2216 9
649 2181 697 2217 cf.
717 2192 776 2227 ep.
797 2185 879 2217 457.
919 2180 1038 2218 Seeck
1065 2183 1134 2217 138
1240 2183 1285 2218 10
1310 2180 1408 2217 Plat.
1427 2180 1509 2218 Alc.
1527 2180 1562 2216 n

187 2238 235 2312 ἕο
248 2230 381 2313 Ιέἐθὲὶ
406 2232 496 2313 1εέἱὶ
526 2228 572 2265 cf.
592 2239 652 2275 ep.
673 2232 756 2265 457.
775 2233 858 2266 458.
886 2228 1032 2266 Sievers
1053 2232 1135 2275 233,
1156 2233 1189 2265 3.
1223 2228 1343 2265 Seeck
1364 2232 1422 2265 85.
1442 2232 1514 2264 324

262 2376 285 2408 6
310 2386 351 2419 γε
383 2373 517 2420 scripsi
540 2372 581 2410 τὲ
608 2374 644 2409 V
674 2386 714 2410 τε
743 2374 795 2410 Va
821 2373 929 2409 Wolf
946 2375 952 2420 Ι
976 2374 1083 2419 „sm-t.
1109 2376 1248 2422 διορᾷν
1274 2371 1331 2415 οἷς
1356 2375 1417 2420 (sc.
1444 2384 1561 2418 προσ-

188 2419 333 2466 εκτέον)
370 2420 436 2457 καὶ
469 2418 528 2463 οἷς
565 2421 611 2458 οὔ
642 2420 891 2467 προσεκτέον“
920 2421 975 2458 Re
1077 2425 1120 2458 15
1146 2420 1377 2468 κεκόσμηκεν
1405 2421 1459 2457 Va

186 2470 245 2551 1²:³⁶
266 2467 476 2563 Ιήεέἑιηῐιγιαγ
543 2473 588 2505 21
616 2470 681 2505 καὶ
713 2481 772 2505 om
801 2471 838 2506 V
901 2474 946 2506 22
979 2468 1112 2515 φιλίαι·
1146 2470 1201 2506 Va
1233 2469 1300 2505 sed
1331 2468 1408 2506 ιλία
1449 2468 1562 2515 suppl
