1806 2964
607 223 876 261 EPISTULAE
904 226 1094 261 nxz-1⁰⁸
1208 208 1211 211 ’
1450 222 1536 267 155

164 339 470 396 Τρυφωνιανόν.
508 333 562 392 ἦν
588 336 661 392 μὲν
679 337 754 392 γὰρ
776 335 932 391 ἕτοιμος
949 341 1091 392 χωρεῖν
1109 337 1175 380 ἐπὶ
1193 338 1409 391 Χαλκίδος,
1429 337 1537 386 ὅπως

159 406 378 463 ἀναγκάζοι
402 404 451 447 τὰ
481 404 624 446 δέοντα
648 408 779 445 ποιεῖν
809 403 904 454 τοὺς
931 403 1079 446 αὐτόθι
1102 405 1322 460 γεωργούς,
1347 403 1537 458 ἑστηκότα

161 473 204 516 δὲ
229 473 291 516 ἐπὶ
320 480 393 528 τῆς
411 472 603 527 βαλβῖδος
621 469 797 525 περιέσχε
815 468 941 523 νέφος
962 469 1091 525 ἀρθὲν
1110 470 1154 512 ἐκ
1171 477 1252 512 τῶν
1274 470 1537 526 Οὐρσουάλου

160 547 314 596 χειρῶν.
353 542 392 581 3.
418 538 711 593 προσπεσόντες
735 537 810 591 γὰρ
836 535 1055 592 ἄνθρωποί
1075 553 1180 587 τινες
1197 537 1354 580 ἐκεῖθεν
1374 538 1538 592 ἥκοντες

157 605 226 649 καὶ
256 605 442 661 θρασέως
471 603 718 653 εἰσελθόντες
750 598 799 644 οὗ
825 604 1016 645 καθεύδει
1041 604 1190 659 χρυσόν
1214 620 1254 646 τε
1279 604 1444 658 ἐζήτουν
1468 603 1536 646 καὶ
1574 617 1591 644 5

158 673 420 727 καταβάλλειν
451 671 581 726 ε’βόων
611 670 757 722 πόσον,
796 670 890 724 οἴει,
921 670 1088 725 χρυσόν;
1122 671 1177 725 μὴ
1210 670 1461 725 φαινομένου
1493 669 1536 712 δὲ

157 739 366 794 σήμαντρα
390 743 618 792 πανταχοῦ,
642 735 711 778 καὶ
735 735 861 786 πολὺς
887 734 908 777 ὁ
934 736 1138 792 θόρυβος,
1164 736 1190 791 ἡ
1216 737 1322 793 γυνὴ
1348 736 1391 779 δὲ
1410 737 1454 780 έν
1473 737 1535 779 ἕκ-

158 805 298 859 πλήξει
321 804 390 846 καὶ
414 803 458 846 τὸ
484 802 636 860 βρέφος
661 810 806 858 μικροῦ
831 809 903 857 τῆς
926 803 1080 858 νηδύος
1105 803 1155 846 οὐ
1181 804 1282 846 κατὰ
1306 804 1435 859 νόμον
1459 803 1536 855 ἐξέ-

156 872 318 926 δραμεν.
358 874 399 912 4.
424 869 540 924 ἡμεῖς
559 868 631 924 μὲν
652 863 728 911 οὖν
747 864 871 925 οὗπέρ
891 869 1009 923 ἐσμεν
1027 870 1160 920 κύριοι
1177 873 1420 926 πληροῦμεν,
1441 883 1537 912 συν-

156 938 373 994 αχθόμεθα
403 941 457 995 τῷ
483 938 612 995 φίλῳ,
643 936 693 977 σὺ
725 934 769 977 δὲ
799 931 893 992 παρ’
920 929 951 994 ᾧ
982 952 1020 977 τι
1050 936 1172 978 πλέον
1204 934 1300 991 μεθ’
1321 936 1438 991 ἡμῶν
1463 936 1536 992 μὲν

156 1005 432 1059 συνάλγησον,
457 1004 582 1057 μόνος
607 1001 650 1044 δὲ
670 1002 940 1058 ἕπικούρησον
958 1002 1126 1058 χρηστός
1143 1019 1184 1045 τε
1204 1005 1449 1059 φαινόμενος
1469 1004 1537 1045 καὶ

157 1078 205 1128 τῇ
230 1071 402 1125 δυνάμει
427 1070 639 1125 χρώμενος.
680 1071 719 1109 5.
744 1068 842 1111 ἔστω
869 1067 913 1110 δὲ
937 1076 1097 1124 πρῶτον
1122 1069 1196 1124 μὲν
1220 1077 1292 1125 τῆς
1316 1072 1474 1127 χάριτος
1492 1070 1535 1112 τὸ

155 1136 211 1191 μὴ
239 1132 294 1179 δι’
312 1135 436 1192 ὀργῆς
460 1138 598 1191 λαβεῖν
622 1135 697 1189 τὴν
723 1136 875 1190 μονήν,
909 1139 1059 1190 μᾶλλον
1085 1134 1129 1178 δὲ
1153 1137 1197 1179 τὸ
1222 1137 1296 1191 τὴν
1322 1136 1447 1193 ὀργὴν
1471 1137 1537 1179 ἐπὶ

158 1203 253 1254 τοὺς
278 1203 355 1246 οὐκ
379 1202 556 1256 ἀφέντας
581 1202 756 1253 ἐξελθεῖν
782 1207 1026 1258 μετενεγκεῖν
1040 1213 1050 1222 ·
1076 1203 1261 1258 δεύτερον
1286 1202 1329 1245 δὲ
1354 1204 1398 1246 τὸ
1420 1207 1536 1245 λῦσαι

155 1270 232 1323 τὴν
257 1268 513 1324 ἐπικειμένην
539 1270 694 1323 ζημίαν.
736 1270 775 1309 6.
795 1268 871 1310 οὐκ
889 1269 969 1310 ἔστι
988 1276 1069 1310 τῶν
1087 1270 1260 1324 ῥεόντων
1279 1270 1305 1311 ἃ
1325 1273 1536 1325 ζητοῦμεν,

154 1335 251 1378 οὐδὲ
287 1335 364 1391 γὰρ
403 1334 430 1376 ἃ
468 1335 650 1389 πράττεις
691 1333 931 1389 καθημέραν
967 1342 1047 1376 τῶν
1079 1336 1253 1390 ῥεόντων
1284 1335 1410 1391 ἐστίν,
1441 1336 1536 1378 οὐδέ

155 1418 201 1458 γε
233 1403 366 1455 πάσης
395 1402 579 1457 γνώμης,
613 1400 711 1442 ἀλλὰ
741 1407 814 1455 τῆς
839 1407 913 1454 σῆς
937 1402 1077 1455 μόνης.
1121 1402 1176 1455 μὴ
1203 1397 1279 1444 οὖν
1304 1404 1536 1461 θαυμάσῃς,

159 1469 197 1510 εἰ
231 1469 355 1509 πάλαι
392 1468 595 1509 διδάσκων
633 1465 758 1521 ἡμᾶς,
795 1466 852 1517 ὡς
881 1466 959 1509 κάν
995 1472 1079 1518 τοῖς
1116 1468 1337 1524 ἀμηχάνοις
1375 1470 1535 1524 ἰσχύεις,

156 1533 305 1592 ἀπαιτῇ
325 1534 434 1588 παρὰ
453 1540 534 1575 τῶν
548 1532 680 1575 ἐκεῖνα
693 1532 881 1589 ὁρώντων
893 1533 1004 1588 ἕτερα
1022 1534 1190 1585 ἐκείνοις
1209 1535 1374 1578 ἐοικότα.
1401 1539 1437 1577 7.
1452 1532 1534 1578 ἀλλ’

153 1600 351 1654 ἐννοήσας
374 1616 416 1642 τε
442 1600 544 1641 ὅθεν
567 1597 593 1653 ἡ
619 1600 814 1653 καταδίκη
839 1600 906 1642 καὶ
932 1601 975 1643 τὸ
1001 1608 1163 1656 πρᾶγμα
1189 1603 1449 1655 μεμψάμενος
1466 1604 1534 1645 καὶ
1555 1613 1569 1638 2

229 1781 247 1813 1
276 1776 396 1813 Seeck
421 1780 488 1812 361
568 1780 589 1811 3
616 1776 763 1813 Sievers
791 1781 876 1813 229.
902 1777 1019 1813 Seeck
1046 1781 1127 1814 361.
1156 1781 1226 1814 370
1253 1779 1301 1815 cf.
1322 1790 1381 1825 ep.
1402 1783 1471 1816 222

228 1960 249 1992 2
276 1958 352 1993 ἀνα
354 1946 486 2004 γκάζῆ
509 1957 539 1995 S
573 1956 768 2004 ἀναγκάζῃ
797 1958 936 1996 VVoD
962 1958 1095 2004 Wolf}
1089 1960 1164 2004 Ιτὰ
1189 1973 1252 1997 om
1271 1961 1327 1998 Va
1396 1966 1417 1998 3
1438 1963 1536 2047 52:²th

156 2003 263 2054 βίδος
282 2005 597 2062 VaVoSVindD
610 2004 742 2052 Wolf}
745 1970 813 2051 ῃάρ
817 2006 889 2043 θὲν
914 2007 1048 2054 scripsi
1066 2010 1108 2044 ut
1127 2009 1212 2045 coni
1231 2009 1287 2045 Re
1321 2010 1385 2056 αἰρ
1387 2013 1437 2047 εθ

155 2052 221 2099 αῐρ
224 2053 315 2090 *mv
339 2053 480 2100 reliqui
496 2053 588 2090 libri
613 2052 680 2089 sed
707 2053 754 2099 ἀρ
781 2065 898 2101 supra.
923 2055 987 2100 αἱρ
1009 2056 1119 2102 Vina,
1146 2056 1254 2094 Wolf
1337 2061 1359 2094 5
1364 2024 1464 2105 ρθαρ
1467 2070 1531 2095 σα-

156 2100 249 2144 λέως
273 2101 304 2138 S
340 2102 347 2148 Ι
392 2102 582 2139 καθεύδοι
606 2101 744 2139 SVind
836 2106 857 2139 6
884 2103 1112 2152 καταβάλειν
1145 2106 1202 2142 Va
1228 2107 1235 2151 Ι
1262 2103 1305 2142 δὲ
1330 2117 1394 2142 om
1426 2108 1484 2144 Va

157 2152 180 2185 9
207 2153 311 2195 „poet
335 2147 407 2186 οὖν
430 2151 577 2187 videtum
611 2149 750 2195 ἔρανον
781 2151 981 2196 excidisse;
1018 2157 1071 2189 est
1099 2153 1384 2191 Demostlaenica
1417 2155 1531 2193 dictio

157 2196 297 2242 ἔρανον
315 2199 485 2257 πληροῦν
511 2196 608 2258 φίλω
626 2210 652 2234 a
669 2201 796 2235 nostro
815 2180 1023 2237 imitatione
1041 2202 1218 2247 repetita“
1240 2201 1296 2238 Re
1363 2207 1407 2240 10
1420 2208 1532 2253 παρῲ

163 2245 222 2282 Va
259 2247 266 2291 Ι
317 2243 354 2281 τί
370 2247 473 2284 Vind
511 2247 518 2294 Ι
551 2260 621 2293 μεν
646 2257 709 2282 om
741 2246 820 2282 VD
907 2252 950 2284 11
978 2248 1038 2295 δὲ]
1071 2263 1110 2286 τε
1143 2249 1197 2287 Vo
1222 2250 1290 2286 sed
1315 2250 1356 2286 in
1381 2250 1424 2289 δὲ
1449 2263 1533 2288 corr

155 2293 225 2337 ω’,
249 2293 279 2331 S
340 2297 386 2330 12
410 2293 560 2340 πρέπον
584 2295 626 2332 D
701 2297 746 2329 13
771 2293 814 2332 τὸ
839 2306 901 2332 om
933 2296 1035 2333 Vina
1103 2301 1149 2334 14
1172 2297 1283 2335 λύσαι
1308 2299 1361 2336 Vo
1423 2303 1467 2335 15
1494 2303 1532 2337 et

158 2344 203 2377 16
231 2338 398 2388 ὅεόντων
427 2342 562 2389 scripsi
596 2354 618 2379 ο
649 2342 717 2379 VS
724 2342 871 2380 deD
905 2346 950 2380 nt,
983 2344 1069 2382 coni
1103 2345 1160 2382 Ro
1193 2345 1382 2407 ᾆαιόντων
1415 2349 1470 2385 Va
1480 2349 1532 2385 Vo

156 2389 225 2425 sed
258 2389 299 2425 in
333 2390 406 2426 hoc
440 2404 482 2427 αι
515 2390 556 2427 in
588 2404 605 2428 ε
638 2401 723 2427 corr
752 2390 823 2436 ω’,
849 2390 959 2429 Wolf
1039 2397 1083 2429 16
1109 2393 1205 2430 καθ’
1228 2394 1374 2441 ἡμέραν
1405 2396 1446 2433 D

158 2462 203 2496 19
229 2460 386 2498 ἀπαιτεῖ
407 2462 450 2498 D
523 2466 570 2499 20
594 2450 781 2508 ἐννοήσῧς
810 2463 842 2500 S
865 2465 871 2510 Ι
910 2477 949 2500 τε
975 2463 1070 2502 οθεν
1096 2466 1231 2513 scripsi
1255 2465 1352 2504 ὅθεν
1375 2480 1414 2504 τε
1440 2468 1531 2505 libri

155 2506 266 2545 Wolf
283 2510 289 2556 Ι
309 2522 350 2546 τε
374 2511 462 2557 post
483 2515 639 2558 πρᾶγμα
664 2510 908 2548 inserendum
933 2512 1019 2549 coni
1045 2513 1101 2551 Ro

1559 950 1591 974 10

1556 1280 1590 1307 15
