1806 2964
280 230 370 274 270
879 228 1064 264 LIBANH

280 341 389 395 παρὰ
414 348 487 382 σοῦ
511 341 673 394 ψήφοις
697 339 808 394 ἔχων.
843 342 880 380 2.
900 341 1005 381 ποίει
1030 341 1081 393 δὴ
1100 340 1224 382 καλὸν
1243 340 1286 381 τὸ
1311 339 1420 389 τέλος
1439 340 1507 382 καὶ
1532 341 1648 383 δίδου

281 407 396 461 χάριν
421 405 546 459 μηδὲν
571 406 771 460 ἐκβαίνων
796 406 840 447 τὸ
860 406 1028 446 δίκαιον·
1055 404 1109 455 ὡς
1133 406 1238 447 ἔστιν
1258 404 1410 447 ἄτοπον
1429 405 1483 460 ἣν
1508 404 1648 461 ἄρχον·

281 487 348 522 τος
384 471 601 526 Εὐθηρίου
633 471 755 520 δόξαν
795 469 839 511 ἐν
865 467 1086 525 Ἀρμενίοις
1123 471 1369 525 ἐκτησάμην,
1411 470 1465 520 ὡς
1505 467 1591 522 οἷός
1608 467 1643 513 τ’

282 538 372 591 εἴην
395 539 582 591 βοηθεῖν,
606 537 756 589 ταύτην
782 535 848 577 ἐπὶ
871 542 942 589 τῆς
966 534 1182 591 ἡγεμονίας
1202 537 1399 590 Μαξίμου
1425 542 1496 578 τοῦ
1520 540 1646 579 καλοῦ

247 618 263 646 5
283 603 569 657 διαφθαρῆναί
591 617 669 655 μοι.

210 703 259 740 W
284 709 354 743 288
917 695 1013 738 σπέ.

747 782 815 837 Τῷ
843 780 975 837 αὐτῷ.
1008 779 1177 834 (359l60)

346 870 383 907 1.
408 863 587 917 Λητόιον
617 864 657 914 ἐξ
680 860 887 918 Ἀρμενίας
918 863 1011 906 νέον
1044 862 1070 917 ἡ
1097 865 1226 918 μήτηρ
1251 863 1403 919 ἄγουσά
1434 879 1504 917 μοι
1526 863 1646 919 παρέ-

284 930 386 972 δωκε
412 931 539 983 μόνον
565 929 660 971 ὄντα
685 930 800 987 αὐτῇ.
826 930 951 987 τούτῳ
977 945 1016 971 τε
1041 924 1116 971 οὖν
1141 930 1278 983 ἥσθην
1298 929 1508 986 δυναμένῳ
1534 928 1646 979 δέξα-

230 1011 265 1038 ιο
284 1000 383 1037 σθαι
402 996 557 1050 λόγους,
576 996 659 1037 ἔστι
683 995 757 1050 γὰρ
782 994 876 1044 ὀξὺς
902 994 923 1036 ὁ
941 999 1086 1048 πῶλος,
1110 1002 1182 1049 τῆς
1201 1011 1241 1036 τε
1261 995 1407 1049 μητρὸς
1432 995 1645 1048 ἐθαύμασα

283 1061 327 1102 τὸ
365 1062 461 1115 μήτε
498 1061 598 1116 πρὸς
629 1062 812 1115 δεύτερον
848 1062 978 1115 γάμον
1010 1062 1110 1102 ἰδεῖν
1141 1060 1207 1102 καὶ
1246 1068 1370 1102 ταῦτα
1401 1056 1526 1102 οὖσαν
1556 1059 1646 1110 ἑνὸς

288 1127 435 1182 μητέρα
460 1128 622 1181 βαδίσαι
653 1142 692 1168 τε
725 1126 820 1168 ὁδὸν
851 1126 1049 1179 τοσαύτην
1079 1125 1309 1181 ἡγουμένην
1340 1125 1503 1180 ἄμεινον
1537 1125 1645 1183 αὐτῷ

283 1192 331 1233 τὰ
356 1193 486 1234 πάντα
520 1192 640 1245 ἕξειν,
678 1192 714 1234 εἰ
745 1199 815 1245 τῆς
853 1199 932 1233 τῶν
962 1193 1204 1247 πραγμάτων
1234 1191 1358 1246 ἀρχῆς
1386 1191 1645 1246 ἐπιμεληθείη

286 1265 478 1313 παροῦσα.
513 1261 550 1299 2.
576 1265 647 1299 τοῦ
673 1256 745 1311 μὲν
779 1252 853 1299 οὖν
878 1257 1001 1299 αὐτὸν
1031 1258 1088 1306 εἰς
1099 1254 1301 1310 Ἕλληνας
1325 1256 1473 1298 τελέσαι
1497 1261 1582 1314 θεῷ
1605 1248 1646 1298 τε

232 1338 267 1366 1⁶
285 1323 353 1364 καὶ
379 1322 477 1376 ἡμῖν
503 1323 678 1377 μελήσει,
709 1330 780 1364 τοῦ
818 1321 861 1364 δὲ
892 1322 998 1381 αὐτῷ
1027 1327 1212 1376 σωθῆναι
1244 1323 1312 1364 τὸν
1346 1319 1458 1364 οἶκον
1490 1322 1647 1375 μελήσει

288 1387 360 1442 μὲν
385 1396 432 1445 τῇ
459 1390 595 1443 μητρί,
622 1389 778 1441 μελήσει
804 1387 846 1430 δὲ
870 1387 994 1442 (καὶ)
1021 1388 1206 1445 Εὐσεβίῳ
1237 1393 1290 1446 τῷ
1313 1390 1428 1438 ζῶντι
1453 1383 1535 1441 μετ’
1556 1387 1645 1443 ἀρε-

284 1461 369 1509 τῆς,
394 1452 439 1504 ὃς
462 1462 511 1509 τῇ
535 1454 626 1509 περὶ
649 1454 692 1495 τὸ
716 1458 833 1495 θεῖον
859 1454 1015 1511 σπουδῇ
1041 1453 1110 1495 καὶ
1130 1453 1200 1504 τὰς
1219 1452 1317 1507 ὑπὲρ
1342 1453 1494 1495 τούτων
1519 1468 1646 1508 φρον-

284 1521 396 1570 τίδας
420 1519 592 1562 ἀνείλετο
616 1521 790 1573 νομίζων
821 1509 1038 1574 προσήκειν
1069 1518 1186 1574 ἀνδρὶ
1217 1519 1357 1577 δικαίῳ
1383 1520 1556 1572 βοηθεῖν
1581 1517 1645 1572 ὄρ·-

286 1590 405 1644 φανῷ
426 1585 494 1626 καὶ
519 1585 573 1638 μὴ
599 1589 681 1634 τοῖς
706 1584 965 1639 βουλομένοις
997 1584 1186 1639 ἁρπάζειν
1215 1584 1447 1639 ἐπιτρέπειν.
1493 1580 1641 1626 3.·άλλ’

232 1649 311 1704 ωὴ
332 1650 404 1704 μὲν
429 1652 654 1704 προαίρεσις
685 1651 792 1708 αὐτῷ
815 1651 937 1704 καλή,
962 1652 1135 1706 γίγνοιτο
1162 1647 1200 1691 δ’
1228 1649 1280 1691 ἄν
1303 1667 1341 1691 τι
1365 1649 1432 1691 καὶ
1456 1649 1586 1704 ἔργον,
1610 1651 1648 1691 εί

284 1723 356 1770 τῆς
381 1723 454 1770 σῆς
479 1716 675 1758 ἀπολαύοι
705 1717 848 1771 ῥοπῆς·
869 1715 1134 1758 ἀπολαύσεται
1153 1713 1208 1770 δ’,
1228 1710 1272 1758 εὖ
1292 1723 1406 1758 τοῦτο
1425 1715 1646 1770 ἐπίσταμαι,

285 1789 359 1824 σοῦ
383 1782 431 1823 τὰ
455 1781 622 1837 ἡμέτερα
647 1783 762 1835 μείζω
787 1786 918 1823 ποιεῖν
942 1779 1156 1839 ᾑρημένου.

358 1914 379 1946 6
412 1910 480 1946 Vn
501 1909 551 1954 α’,
576 1909 661 1953 σξζ.
695 1910 750 1946 Va
774 1908 821 1955 γ’,
845 1908 920 1955 κγ’.
957 1909 1006 1945 Vo
1031 1908 1077 1955 γ’,
1101 1908 1175 1954 πγ’.
1202 1909 1243 1945 D
1267 1910 1315 1945 δδ

357 2033 379 2065 8
406 2028 523 2065 Seeck
550 2031 618 2064 150
687 2033 705 2063 '1
733 2027 851 2064 Seeck
877 2030 959 2064 207.
986 2030 1067 2063 877.
1094 2027 1260 2063 Silomon
1283 2030 1330 2062 4⁶
1345 2038 1398 2073 sq.
1461 2030 1483 2063 8
1509 2026 1556 2063 cf.
1583 2037 1642 2073 ep.

286 2081 367 2114 104.
394 2080 474 2112 294.
501 2075 621 2112 Seeck
648 2079 716 2112 198
774 2079 818 2112 10
839 2074 941 2111 Plan.
962 2075 1074 2122 Gorg.
1094 2087 1130 2121 p.
1150 2074 1264 2111 463ss
1340 2078 1384 2110 16
1410 2073 1577 2111 Silomcn
1595 2077 1642 2110 4⁶

356 2200 377 2232 3
402 2194 595 2242 ἁρμενίοις
619 2195 714 2231 VVa
740 2197 747 2240 Ι
777 2194 828 2237 ὡς
850 2194 1002 2241 reposui
1027 2204 1048 2230 e
1071 2193 1179 2230 libris
1203 2195 1247 2230 ut
1271 2193 1355 2230 coni
1379 2193 1435 2229 Re
1478 2191 1520 2235 ὃς
1537 2191 1647 2230 Wolf

356 2247 375 2279 ‘1
401 2242 566 2291 Μαξίμῳ
590 2243 632 2279 D
722 2245 745 2278 8
769 2241 951 2288 ἀρμενίας
976 2243 1070 2279 VVa
1138 2245 1183 2278 12
1209 2242 1280 2278 αὐτ
1331 2242 1367 2278 V
1424 2243 1468 2278 16
1493 2241 1559 2277 καὶ
1582 2240 1641 2276 in-

282 2291 382 2328 serui
407 2293 560 2327 auctore
578 2290 634 2326 Be
677 2301 739 2327 om
756 2289 846 2326 libri
864 2289 974 2325 Wolf
1025 2293 1068 2326 17
1087 2289 1156 2331 τὰς
1174 2300 1236 2326 om
1292 2300 1317 2326 a
1383 2292 1428 2325 21
1453 2285 1558 2326 τοῦτ’
1579 2286 1639 2328 D!

283 2337 483 2385 ἐπίσταμαι
507 2338 543 2374 V
564 2337 631 2374 ned
655 2350 684 2374 π
709 2349 792 2375 corr
815 2337 873 2373 ιιι*
